@Book{anderson_may1991,
  author    = {Anderson, R. M. and May, R. M.},
  title     = {Infectious Diseases of Humans},
  publisher = {Oxford University Press},
  address   = {Oxford},
  year      = {1991}
}

@misc{24project5,
 title={Modeling Flu Cases in Oklahoma},
 year={2024},
 url={https://ionides.github.io/531w24/final_project/project05/blinded.html}
}

@misc{ionides2025chapter18,
 title={Notes for {STATS}/{DATASCI} 531, {M}odeling and {A}nalysis of {T}ime {S}eries {D}ata: Chapter 18},
 author={King, Aaron and Ionides, Edward},
 year={2024},
 url={https://kingaa.github.io/sbied/measles/notes.pdf}
}

@Manual{pop,
  title = {Statistics Canada: 2021 Census of Population.},
  author = {Statistics Canada},
  year = {2021},
  url = {https://www12.statcan.gc.ca/census-recensement/2021/dp-pd/prof/details/page.cfm?Lang=E&DGUIDlist=2021A000212&GENDERlist=1&STATISTIClist=1&HEADERlist=0},
}


@Manual{rwsd,
  title = {chatGPT. Note: chatGPT was asked "How to control the growth rates of mu_EI and mu_IR".
  },
  author = {OpenAI},
  year = {2025},
  url = {https://chatgpt.com/},
}

@Manual{profile,
  title = {chatGPT. Note: chatGPT was asked "Why the peak log-likelihood reached in the rho-profile is    higher than the maximum log-likelihood we obtained in our earlier global search".
  },
  author = {OpenAI},
  year = {2025},
  url = {https://chatgpt.com/},
}

@Manual{influenza,
  title = {Lab-confirmed Influenza Cases.},
  author = {Government of Nova Scotia},
  year = {2024},
  url = {https://ouvert.canada.ca/data/dataset/b9af5b9c-d2b1-41ce-4dc6-8cbb3ca449dc},
}

@misc{ionides2022project20,
  author       = {Ionides, Edward and others},
  title        = {Final Project 20: Blinded Analysis},
  howpublished = {\url{https://ionides.github.io/531w22/final_project/project20/blinded.html#43_Particle_filter_and_likelihood_for_intial_guess}},
  year         = {2022},
  note         = {Accessed: 2025-04-21}
}


@misc{ionides2025chapter12,
  author       = {Ionides, Edward L.},
  title        = {Chapter 12: Introduction to Simulation-Based Inference for Epidemiological Dynamics via the pomp R Package},
  howpublished = {\url{https://ionides.github.io/531w25/12/index.html}},
  year         = {2025},
  note         = {Accessed: 2025-04-21}
}