@misc{basketball_reference,
  title = {Basketball Statistics \& History of Every Team \& NBA and WNBA Players},
  howpublished = {\url{https://www.basketball-reference.com/}},
  note = {Accessed 18 Apr. 2025},
  year = {2025}
}

@misc{elo_wikipedia,
  title = {Elo Rating System},
  author = {{Wikipedia contributors}},
  year = {2025},
  month = mar,
  howpublished = {\url{https://en.wikipedia.org/wiki/Elo_rating_system}},
  note = {Accessed 18 Apr. 2025}
}

@misc{nba_elo,
  title = {{NBA - Elo Ratings}},
  howpublished = {\url{https://www.aussportstipping.com/sports/nba/elo_ratings/#:~:text=If\%20k\%20is\%20set\%20too,\%20optimal\%20k\%20is\%2020.\&text=The\%20same\%20website\%20also\%20applied,\%20their\%20NFL\%20Elo\%20rating\%20system}},
  note = {Accessed 18 Apr. 2025},
  year = {2025}
}

@misc{slam254,
  author = {SLAM Staff},
  title = {Houston Rockets Cover Slam 254},
  howpublished = {\url{https://www.slamonline.com/the-magazine/slam-254/houston-rockets-254/}},
  year = {2025},
  month = feb,
  day = 6
}

@misc{ionides_iterated_filtering,
  author = {Ionides, Edward L.},
  title = {Lesson 4. Iterated filtering: principles and practice},
  howpublished = {Iterated Filtering Models Lecture, Ann Arbor, Michigan},
  year = {2025},
  month = mar,
  day = 22
}

@misc{bradley_terry,
  title = {The Bradley-Terry Model},
  howpublished = {\url{https://web.stanford.edu/class/archive/stats/stats200/stats200.1172/Lecture24.pdf}},
  note = {Lecture 24, autumn 2016, Stanford, California. Accessed 12 Apr. 2025},
  year = {2016}
}

@misc{chatgpt,
  title = {ChatGPT},
  howpublished = {\url{https://chatgpt.com/}},
  note = {Accessed 12 Apr. 2025},
  year = {2025}
}

@misc{midterm_project_2022,
  title = {Midterm Project},
  howpublished = {\url{https://ionides.github.io/531w22/final_project/project03/blinded.pdf}},
  note = {Accessed 12 Apr. 2025},
  year = {2022}
}

@misc{nba_api,
  title = {nba\_api},
  howpublished = {\url{https://github.com/swar/nba_api}},
  note = {Version 1.9.0. Accessed 17 Apr. 2025},
  year = {2025}
}
