@misc{2024/hw01,
  author = {Edward L. Ionides},
  title = {{STATS 531 Homework 01}},
  howpublished = {\url{https://ionides.github.io/531w24/hw01/hw01.html}},
  note = {Accessed: 2024-01-15}
}

@book{2002/statistical_inference,
  title={Statistical Inference},
  author={George Casella and Roger L. Berger},
  year={2002},
  publisher={Duxbury, Belmont, CA}
}

@misc{2024/hw02,
  author = {Edward L. Ionides},
  title = {{STATS 531 Homework 02}},
  howpublished = {\url{https://ionides.github.io/531w24/hw02/hw02.html}},
  note = {Accessed: 2024-01-23}
}

@misc{2024/lec03,
  author = {Edward L. Ionides},
  title = {{STATS 531 Lecture Slide 03}},
  howpublished = {\url{https://ionides.github.io/531w24/03/index.html}},
  note = {Accessed: 2024-01-23}
}

@misc{2024/wiki_taylor_series,
  title = {{Taylor Series}},
  howpublished = {\url{https://en.wikipedia.org/wiki/Taylor_series}},
  note = {Accessed: 2024-01-23}
}

@misc{2024/duality_MA_and_AR,
  author = {Al Nosedal},
  title = {{The Duality of MA and AR Processes}},
  howpublished = {\url{https://mcs.utm.utoronto.ca/~nosedal/sta457/duality-of-ma-and-ar.pdf}},
  note = {Accessed: 2024-01-23}
}

@misc{2024/lec01,
  author = {Edward L. Ionides},
  title = {{STATS 531 Lecture 01}},
  howpublished = {\url{https://ionides.github.io/531w24/01/index.html}},
  note = {Accessed: 2024-01-15}
}

@misc{2024/lec05,
  author = {Edward L. Ionides},
  title = {{STATS 531 Lecture 05}},
  howpublished = {\url{https://ionides.github.io/531w24/05/index.html}},
  note = {Accessed: 2024-01-15}
}

@misc{2022/sol03,
  author = {Edward L. Ionides},
  title = {{STATS 531 Homework 03 Solution}},
  howpublished = {\url{https://ionides.github.io/531w22/hw03/sol03.html}},
  note = {Accessed: 2024-01-15}
}

@misc{2024/lec02,
  author = {Edward L. Ionides},
  title = {{STATS 531 Lecture 02}},
  howpublished = {\url{https://ionides.github.io/531w24/02/index.html}},
  note = {Accessed: 2024-01-15}
}

@misc{2024/lec06,
  author = {Edward L. Ionides},
  title = {{STATS 531 Lecture 06}},
  howpublished = {\url{https://ionides.github.io/531w24/06/index.html}},
  note = {Accessed: 2024-01-15}
}


@misc{2024/lec07,
  author = {Edward L. Ionides},
  title = {{STATS 531 Lecture 07}},
  howpublished = {\url{https://ionides.github.io/531w24/07/index.html}},
  note = {Accessed: 2024-01-15}
}



@misc{2024/lec16,
  author = {Edward L. Ionides},
  title = {{STATS 531 Lecture 16}},
  howpublished = {\url{https://ionides.github.io/531w24/16/index.html}},
  note = {Accessed: 2024-04-26}
}

@misc{2024/solar_cycle,
  author = {Wikipedia},
  title = {{Solar Cycle}},
  howpublished = {\url{https://en.wikipedia.org/wiki/Solar_cycle}},
  note = {Accessed: 2024-01-15}
}

@misc{2024/skewness,
  author = {Wikipedia},
  title = {{Skewness}},
  howpublished = {\url{https://en.wikipedia.org/wiki/Skewness}},
  note = {Accessed: 2024-02-29}
}



@misc{2024/pacf,
  author = {Wikipedia},
  title = {{Partial Autocorrelation Function}},
  howpublished = {\url{https://en.wikipedia.org/wiki/Partial_autocorrelation_function}},
  note = {Accessed: 2024-02-29}
}



@misc{2022/proj05_comments,
  author = {{Anonymous Authors}},
  title = {{The Comments on Project 05 (2022)}},
  howpublished = {\url{https://ionides.github.io/531w22/midterm_project/project05/comments.html}},
  note = {Accessed: 2024-02-29}
}


@misc{2024/stl_decomposition,
  author = {{Rob J Hyndman and George Athanasopoulos}},
  title = {{STL Decomposition}},
  howpublished = {\url{https://otexts.com/fpp3/stl.html}},
  note = {Accessed: 2024-02-29}
}

@misc{2024/stl_decomposition_tidyverse,
  author = {{Tidyverse}},
  title = {{STL Decomposition}},
  howpublished = {\url{https://feasts.tidyverts.org/reference/STL.html}},
  note = {Accessed: 2024-02-29}
}




@misc{2024/garch_and_arma,
  author = {{StackExchange}},
  title = {{What is the difference between GARCH and ARMA?}},
  howpublished = {\url{https://stats.stackexchange.com/questions/41509/what-is-the-difference-between-garch-and-arma}},
  note = {Accessed: 2024-04-27}
}



@misc{2022/proj07_comments,
  author = {{Anonymous Authors}},
  title = {{The Comments on Project 07 (2022)}},
  howpublished = {\url{https://ionides.github.io/531w22/final_project/project07/comments.html}},
  note = {Accessed: 2024-04-27}
}

@misc{2022/proj14,
  author = {{Anonymous Authors}},
  title = {{Project 14 (2022)}},
  howpublished = {\url{https://ionides.github.io/531w22/final_project/project14/Blinded.html}},
  note = {Accessed: 2024-04-27}
}


@misc{2022/proj07,
  author = {{Anonymous Authors}},
  title = {{Project 07 (2022)}},
  howpublished = {\url{https://ionides.github.io/531w22/final_project/project07/blinded.html}},
  note = {Accessed: 2024-04-27}
}


@misc{2022/proj22,
  author = {{Anonymous Authors}},
  title = {{Project 22 (2022)}},
  howpublished = {\url{https://ionides.github.io/531w22/final_project/project22/blinded.html}},
  note = {Accessed: 2024-04-27}
}

@misc{2024/who_tb,
  author = {{WHO}},
  title = {{Tuberculosis}},
  howpublished = {\url{https://www.who.int/health-topics/tuberculosis#tab=tab_1}},
  note = {Accessed: 2024-04-27}
}

@misc{2024/wiki_tb,
  author = {{Wikipedia}},
  title = {{Tuberculosis}},
  howpublished = {\url{https://en.wikipedia.org/wiki/Tuberculosis}},
  note = {Accessed: 2024-04-27}
}


@misc{2024/cdc_tb,
  author = {{CDC}},
  title = {{Tuberculosis}},
  howpublished = {\url{https://www.cdc.gov/tb/statistics/reports/2020/table1.htm}},
  note = {Accessed: 2024-04-27}
}

@misc{2024/proj06,
  author = {{Anonymous Authors}},
  title = {{Mid-term Project 06 (2024)}},
  howpublished = {\url{https://ionides.github.io/531w24/midterm_project/project06/blinded.html}},
  note = {Accessed: 2024-04-27}
}

