%% This BibTeX bibliography file was created using BibDesk.
%% https://bibdesk.sourceforge.io/

%% Created for Connor Shi at 2025-04-22 10:33:04 -0400 


%% Saved with string encoding Unicode (UTF-8) 



@misc{INGARCH,
	author = {Fukang Zhu},
	date-added = {2025-04-22 10:32:18 -0400},
	date-modified = {2025-04-22 10:32:58 -0400},
	title = {Modeling time series of counts with COM-Poisson INGARCH models},
	url = {https://www.sciencedirect.com/science/article/pii/S0895717711007540},
	year = {2011}}

@misc{LB,
	author = {Zach Bobbitt},
	date-added = {2025-04-20 16:43:04 -0400},
	date-modified = {2025-04-20 16:44:17 -0400},
	month = {February},
	title = {Ljung-Box Test: Definition + Example},
	url = {https://www.statology.org/ljung-box-test/},
	year = {2020},
	bdsk-url-1 = {https://www.statology.org/ljung-box-test/}}

@misc{ARCHLM,
	date-added = {2025-04-20 16:31:16 -0400},
	date-modified = {2025-04-20 16:32:42 -0400},
	rating = {2},
	title = {Engle's ARCH Test},
	url = {https://www.mathworks.com/help/econ/engles-arch-test.html},
	year = {2024},
	bdsk-url-1 = {https://www.mathworks.com/help/econ/engles-arch-test.html}}

@misc{ARCH,
	author = {Edward L. Ionides},
	date-added = {2025-04-20 16:18:02 -0400},
	date-modified = {2025-04-20 16:32:09 -0400},
	title = {Modeling and Analysis of Time Series Data DATASCI/STATS 531 Chapter 17: A case study of financial volatility and a POMP model with observations driving latent dynamics},
	url = {https://ionides.github.io/531w25/17/index.html},
	year = {2025},
	bdsk-url-1 = {https://ionides.github.io/531w25/17/index.html}}

@article{ADF,
	author = {Ritu Santra},
	date-added = {2025-04-20 16:09:12 -0400},
	date-modified = {2025-04-20 16:10:33 -0400},
	month = {May},
	title = {Tests for Stationarity in Time Series - Dickey Fuller Test & Augmented Dickey Fuller Test},
	year = {2023}}

@misc{notes531,
	author = {Ionides, Edward},
	title = {Notes for {STATS}/{DATASCI} 531, {M}odeling and {A}nalysis of {T}ime {S}eries {D}ata},
	url = {https://ionides.github.io/531w25/},
	year = {2025},
	bdsk-url-1 = {https://ionides.github.io/531w25/}}

@misc{data,
	note = {Accessed: 2025-03-28},
	title = {CDC National Notifiable Diseases Surveillance System},
	url = {https://data.cdc.gov/browse?category=NNDSS&sortBy=relevance&pageSize=20&page=1},
	bdsk-url-1 = {https://data.cdc.gov/browse?category=NNDSS&sortBy=relevance&pageSize=20&page=1}}

@misc{deaths,
	note = {Accessed: 2025-03-31},
	title = {Provisional Mortality Statistics},
	url = {https://wonder.cdc.gov/mcd-icd10-provisional.html},
	bdsk-url-1 = {https://wonder.cdc.gov/mcd-icd10-provisional.html}}

@misc{vaccination,
	note = {Accessed: 2025-03-31},
	publisher = {Michigan Health and Human Services},
	title = {County Immunization Report Cards},
	url = {https://www.michigan.gov/mdhhs/adult-child-serv/childrenfamilies/immunizations/data-statistics/countyimmsreportcards},
	bdsk-url-1 = {https://www.michigan.gov/mdhhs/adult-child-serv/childrenfamilies/immunizations/data-statistics/countyimmsreportcards}}

@misc{cough_basics,
	note = {Accessed: 2025-04-17},
	publisher = {Mayo Clinic},
	title = {Whooping Cough},
	url = {https://www.mayoclinic.org/diseases-conditions/whooping-cough/symptoms-causes/syc-20378973},
	bdsk-url-1 = {https://www.mayoclinic.org/diseases-conditions/whooping-cough/symptoms-causes/syc-20378973}}

@misc{2024_outbreak,
	author = {Ellis O'Neil},
	day = {11},
	month = {October},
	note = {Accessed: 2025-04-2017},
	publisher = {NPR},
	title = {Worst U.S. whooping cough outbreak in a decade has infected thousands},
	url = {https://www.npr.org/2024/10/10/nx-s1-5127422/whooping-cough-outbreak-u-s-seattle},
	year = {2024},
	bdsk-url-1 = {https://www.npr.org/2024/10/10/nx-s1-5127422/whooping-cough-outbreak-u-s-seattle}}

@manual{stringr,
	author = {Hadley Wickham},
	note = {R package version 1.5.1},
	title = {stringr: Simple, Consistent Wrappers for Common String Operations},
	url = {https://CRAN.R-project.org/package=stringr},
	year = {2023},
	bdsk-url-1 = {https://CRAN.R-project.org/package=stringr}}

@book{ggplot,
	author = {Hadley Wickham},
	isbn = {978-3-319-24277-4},
	publisher = {Springer-Verlag New York},
	title = {ggplot2: Elegant Graphics for Data Analysis},
	url = {https://ggplot2.tidyverse.org},
	year = {2016},
	bdsk-url-1 = {https://ggplot2.tidyverse.org}}

@manual{arima2,
	author = {Jesse Wheeler and Noel McAllister and Dhajanae Sylvertooth},
	note = {R package version 3.3.0},
	title = {arima2: Likelihood Based Inference for ARIMA Modeling},
	url = {https://CRAN.R-project.org/package=arima2},
	year = {2024},
	bdsk-url-1 = {https://CRAN.R-project.org/package=arima2}}

@manual{pomp,
	author = {Aaron A. King and Edward L. Ionides and Carles Martinez Bret\'o and Stephen P. Ellner and Matthew J. Ferrari and Sebastian Funk and Steven G. Johnson and Bruce E. Kendall and Michael Lavine and Dao Nguyen and Eamon B. O'Dea and Daniel C. Reuman and Helen Wearing and Simon N. Wood},
	note = {{R}~package, version~6.1},
	title = {{pomp}: {Statistical} Inference for Partially Observed {Markov} Processes},
	url = {https://kingaa.github.io/pomp/},
	year = {2025},
	bdsk-url-1 = {https://kingaa.github.io/pomp/}}

@misc{project2020-15,
	title = {Final Project: Analysis of Pertussis Transmission by SIR model},
	url = {https://ionides.github.io/531w20/final_project/},
	year = {2020},
	bdsk-url-1 = {https://ionides.github.io/531w20/final_project/}}

@misc{project2024-2,
	title = {Final Project: Predator-Prey model with POMP},
	url = {https://ionides.github.io/531w20/final_project/},
	year = {2024},
	bdsk-url-1 = {https://ionides.github.io/531w24/final_project/project02/blinded.html}}

@misc{project2024-4,
	title = {Final Project: COVID-19 modeling comparison: ARIMA vs SEIR},
	url = {https://ionides.github.io/531w24/final_project/project04/blinded.html},
	year = {2024},
	bdsk-url-1 = {https://ionides.github.io/531w24/final_project/project04/blinded.html}}

@article{project2016-7,
	title = {Final Project: Exploratin of Pertussis Transmission Dynamics and Vaccination Effect Period in Michigan},
	url = {https://ionides.github.io/531w16/final_project/},
	year = {2016},
	bdsk-url-1 = {https://ionides.github.io/531w16/final_project/}}

@article{project2022-21,
	title = {Final Project: ARMA and POMP Analysis on COVID-19 Variants in the US},
	url = {https://ionides.github.io/531w22/final_project/project21/blinded.html},
	year = {2022},
	bdsk-url-1 = {https://ionides.github.io/531w22/final_project/project21/blinded.html}}

@article{project2021-11,
	title = {Final Project: Modeling COVID-19 Cases in Michigan: ARMA model v.s. SEIR POMP model},
	url = {https://ionides.github.io/531w21/final_project/project11/blinded.html},
	year = {2021},
	bdsk-url-1 = {https://ionides.github.io/531w21/final_project/project11/blinded.html}}
