@article{Gilovich1985,
  title = {The hot hand in basketball: On the misperception of random sequences},
  volume = {17},
  ISSN = {0010-0285},
  url = {http://dx.doi.org/10.1016/0010-0285(85)90010-6},
  DOI = {10.1016/0010-0285(85)90010-6},
  number = {3},
  journal = {Cognitive Psychology},
  publisher = {Elsevier BV},
  author = {Gilovich,  Thomas and Vallone,  Robert and Tversky,  Amos},
  year = {1985},
  month = jul,
  pages = {295–314}
}


@article{Miller2018,
  title = {Surprised by the Hot Hand Fallacy? A Truth in the Law of Small Numbers},
  volume = {86},
  ISSN = {0012-9682},
  url = {http://dx.doi.org/10.3982/ECTA14943},
  DOI = {10.3982/ecta14943},
  number = {6},
  journal = {Econometrica},
  publisher = {The Econometric Society},
  author = {Miller,  Joshua B. and Sanjurjo,  Adam},
  year = {2018},
  pages = {2019–2047}
}


@article{Sellers2011,
  title = {The COM‐Poisson model for count data: a survey of methods and applications},
  volume = {28},
  ISSN = {1526-4025},
  url = {http://dx.doi.org/10.1002/asmb.918},
  DOI = {10.1002/asmb.918},
  number = {2},
  journal = {Applied Stochastic Models in Business and Industry},
  publisher = {Wiley},
  author = {Sellers,  Kimberly F. and Borle,  Sharad and Shmueli,  Galit},
  year = {2011},
  month = sep,
  pages = {104–116}
}
@misc{project07_ionides_2021,
  author       = {Anonymous},
  title        = {Midterm Project: Information Epidemics - Modeling Search Trends during the GameStop Short Squeeze Using Stochastic Compartmental Models},
  year         = {2021},
  howpublished = {\url{https://ionides.github.io/531w21/final_project/project07/blinded.html}},
  note         = {University of Michigan, STATS 531 Winter 2021}
}

@misc{project01_ionides_2022,
  author       = {Anonymous1},
  title        = {Final Project: Investigation of online player increase in CS caused by COVID-19 Pandemic},
  year         = {2022},
  howpublished = {\url{https://ionides.github.io/531w22/final_project/project01/blinded.html#POMP_Fixed_Leverage_Model}},
  note         = {University of Michigan, STATS 531 Winter 2022}
}

@misc{project02_ionides_2024,
  author       = {Anonymous2},
  title        = {Investigating the Alternative Prey Hypothesis with the POMP Framework},
  year         = {2024},
  howpublished = {\url{https://ionides.github.io/531w24/final_project/project02/blinded.html}},
  note         = {University of Michigan, STATS 531 Winter 2024}
}

@misc{project12_ionides_2024,
  author       = {Anonymous3},
  title        = {Time Series Analysis of COVID-19 Cases in Kent County},
  year         = {2024},
  howpublished = {\url{https://ionides.github.io/531w24/final_project/project12/blinded.html}},
  note         = {University of Michigan, STATS 531 Winter 2024}
}

@misc{ch13_pomp,
  title        = "Lesson 2: Simulation of stochastic dynamic models",
  year = "Winter 2025",
  author       = "Aaron A. King and Edward L. Ionides",
  howpublished = "\url{https://kingaa.github.io/sbied/stochsim/notes.pdf}",
  note         = "Accessed: 2025-4-22"
}

@misc{ch14_pomp,
  title        = "Lesson 3: Likelihood-based inference for POMP models",
  year = "Winter 2025",
  author       = "Aaron A. King and Edward L. Ionides",
  howpublished = "\url{https://kingaa.github.io/sbied/pfilter/notes.pdf}",
  note         = "Accessed: 2025-4-22"
}

@misc{ch15_pomp,
  title        = "Lesson 4.Iterated filtering: principles and practice",
  year = "Winter 2025",
  author       = "Aaron A. King and Edward L. Ionides",
  howpublished = "\url{https://kingaa.github.io/sbied/mif/notes.pdf}",
  note         = "Accessed: 2025-4-22"
}





