@misc{ionides2025notes, 
  author    = {Ionides, Edward}, 
  title     = {Notes for STATS/DATASCI 531: Modeling and Analysis of Time Series Data}, 
  year      = {2025}, 
  note      = {Chapter 18}, 
  url       = {https://ionides.github.io/531w25/}
}

@book{keeling2008modeling,
  author    = {Matt J. Keeling and Pejman Rohani},
  title     = {Modeling Infectious Diseases in Humans and Animals},
  year      = {2008},
  publisher = {Princeton University Press},
  location  = {Princeton},
  isbn      = {9780691116174},
  doi       = {10.1515/9781400841035},
  url       = {https://press.princeton.edu/books/hardcover/9780691116174/modeling-infectious-diseases-in-humans-and-animals}
}


@article{breto2009time,
  title={Time series analysis via mechanistic models},
  author={Breto, Carlos and He, Dandan and Ionides, Edward L and King, Aaron A},
  journal={Annals of Applied Statistics},
  volume={3},
  number={1},
  pages={319--348},
  year={2009},
  url={https://ionides.github.io/pubs/breto09.pdf}
}

@article{king2015avoidable,
  title={Avoidable errors in the modelling of outbreaks of emerging pathogens, with special reference to Ebola},
  author={King, Aaron A and Domenech de Cell{\`e}s, Matthieu and Magpantay, Fredi M G and Rohani, Pejman},
  journal={Proceedings of the Royal Society B: Biological Sciences},
  volume={282},
  number={1806},
  pages={20150347},
  year={2015},
  url={https://pmc.ncbi.nlm.nih.gov/articles/PMC4426634/pdf/rspb20150347.pdf}
}

@article{he2010plug,
  title={Plug-and-play inference for disease dynamics: measles in large and small populations as a case study},
  author={He, Dandan and Ionides, Edward L and King, Aaron A},
  journal={Journal of the Royal Society Interface},
  volume={7},
  number={43},
  pages={271--283},
  year={2010},
  url={https://pmc.ncbi.nlm.nih.gov/articles/PMC2842609/pdf/rsif20090151.pdf}
}

@misc{ionides2025notes,
  author    = {Ionides, Edward},
  title     = {Notes for STATS/DATASCI 531: Modeling and Analysis of Time Series Data},
  year      = {2025},
  note      = {Chapter 15},
  url       = {https://ionides.github.io/531w25/}
}

@misc{king2024stochsim,
  author    = {King, Aaron A. and Ionides, Edward},
  title     = {Worked solutions to exercises on simulation of stochastic dynamic models},
  year      = {2024},
  url       = {https://kingaa.github.io/sbied/stochsim/exercises.html}
}

@misc{ionides2025hw7,
  author    = {Ionides, Edward},
  title     = {Solution to Homework 7, STATS/DATASCI 531: Modeling and Analysis of Time Series Data},
  year      = {2025},
  url       = {https://ionides.github.io/531w24/hw07/sol07.html}
}

@misc{king2024measles,
  author    = {King, Aaron A.},
  title     = {Profile Likelihood Diagnostics: Measles in England and Wales},
  year      = {2024},
  url       = {https://kingaa.github.io/sbied/measles/profile.html}
}

@misc{king2024algoparams,
  author    = {King, Aaron A.},
  title     = {Exercise: Algorithmic Parameters for Polio Modeling},
  year      = {2024},
  url       = {https://kingaa.github.io/sbied/polio/algorithmic-parameters-exercise.html}
}

@misc{king2024initialvalues,
  author    = {King, Aaron A.},
  title     = {Exercise: Initial Values in Polio SEIR Modeling},
  year      = {2024},
  url       = {https://kingaa.github.io/sbied/polio/initial-values-exercise.html}
}

@misc{king2024startingvalues,
  author    = {King, Aaron A.},
  title     = {Exercise: Starting Values for Iterated Filtering},
  year      = {2024},
  url       = {https://kingaa.github.io/sbied/polio/starting-values-exercise.html}
}

@misc{king2024demography,
  author    = {King, Aaron A.},
  title     = {Exercise: Modeling Demography in Polio Dynamics},
  year      = {2024},
  url       = {https://kingaa.github.io/sbied/polio/demography-exercise.html}
}

@misc{king2024convergence,
  author    = {King, Aaron A.},
  title     = {Exercise: Convergence in Iterated Filtering},
  year      = {2024},
  url       = {https://kingaa.github.io/sbied/polio/convergence-exercise.html}
}

@misc{ionides2025slides,
  author    = {Ionides, Edward},
  title     = {Slides on Inference for Nonlinear and Partially Observed Systems},
  year      = {2025},
  url       = {https://ionides.github.io/531w25/16/slides-annotated.pdf}
}

@misc{chatgpt2025,
  author    = {{ChatGPT}},
  title     = {Grammar and LaTeX syntax check},
  year      = {2025}
}

@online{data_source,
    author = {UCI Machine Learning Repository}, 
    title = {Hungarian Chickenpox Cases}, 
    url = {https://archive.ics.uci.edu/dataset/580/hungarian+chickenpox+cases}, 
    urldate = {2025-04-03} 
}

@article{vmd,
  author={Dragomiretskiy, Konstantin and Zosso, Dominique},
  journal={IEEE Transactions on Signal Processing}, 
  title={Variational Mode Decomposition}, 
  year={2014},
  volume={62},
  number={3},
  pages={531-544},
  keywords={Frequency estimation;Frequency modulation;Bandwidth;Noise;Robustness;Wavelet transforms;AM-FM;augmented Lagrangian;Fourier transform;Hilbert transform;mode decomposition;spectral decomposition;variational problem;Wiener filter},
  doi={10.1109/TSP.2013.2288675}}
  
@online{hht,
    author = {Wikipedia}, 
    title = {Hilbert–Huang transform}, 
    url = {https://en.wikipedia.org/wiki/Hilbert%E2%80%93Huang_transform}, 
    urldate = {2025-04-13} 
}

@misc{nbeats,
      title={N-BEATS: Neural basis expansion analysis for interpretable time series forecasting}, 
      author={Boris N. Oreshkin and Dmitri Carpov and Nicolas Chapados and Yoshua Bengio},
      year={2020},
      eprint={1905.10437},
      archivePrefix={arXiv},
      primaryClass={cs.LG},
      url={https://arxiv.org/abs/1905.10437}, 
}

@article{Alsharef2022,
  title = {Review of ML and AutoML Solutions to Forecast Time-Series Data},
  volume = {29},
  ISSN = {1886-1784},
  url = {http://dx.doi.org/10.1007/s11831-022-09765-0},
  DOI = {10.1007/s11831-022-09765-0},
  number = {7},
  journal = {Archives of Computational Methods in Engineering},
  publisher = {Springer Science and Business Media LLC},
  author = {Alsharef,  Ahmad and Aggarwal,  Karan and Sonia and Kumar,  Manoj and Mishra,  Ashutosh},
  year = {2022},
  month = jun,
  pages = {5297-5311}
}

@article{Karsai2020,
  title = {Modeling the transmission dynamics of varicella in Hungary},
  volume = {10},
  ISSN = {2190-5983},
  url = {http://dx.doi.org/10.1186/s13362-020-00079-z},
  DOI = {10.1186/s13362-020-00079-z},
  number = {1},
  journal = {Journal of Mathematics in Industry},
  publisher = {Springer Science and Business Media LLC},
  author = {János Karsai, Rita Csuma-Kovacs, Ágnes Dánielisz, Zsuzsanna Molnár, János Dudás, Teodóra Borsos & Gergely Röst},
  year = {2020},
  month = apr 
}

@article{Berencsi2010,
  title = {Interference among viruses circulating and administered in Hungary from 1931 to 2008},
  volume = {57},
  ISSN = {1588-2640},
  url = {http://dx.doi.org/10.1556/amicr.57.2010.2.1},
  DOI = {10.1556/amicr.57.2010.2.1},
  number = {2},
  journal = {Acta Microbiologica et Immunologica Hungarica},
  publisher = {Akademiai Kiado Zrt.},
  author = {Berencsi,  Gy. and Kapusinszky,  Beatrix and Rigo,  Zita and Szomor,  Katalin},
  year = {2010},
  month = jun,
  pages = {73-86}
}


@article{Nmeth2024,
  title = {Human orf virus (family Poxviridae) infection following a lamb bite in Hungary},
  volume = {169},
  ISSN = {1432-8798},
  url = {http://dx.doi.org/10.1007/s00705-024-06002-w},
  DOI = {10.1007/s00705-024-06002-w},
  number = {3},
  journal = {Archives of Virology},
  publisher = {Springer Science and Business Media LLC},
  author = {N??meth,  Csongor and Boros,  ??kos and M??sz??ros,  Endre and Gy\"{o}m\"{o}rei,  Csaba and Albert,  Ervin and Pankovics,  P??ter and Reuter,  G??bor},
  year = {2024},
  month = mar 
}

@article{Kumar2023,
  title = {Reservoir Computing in Epidemiological Forecasting: Predicting Chicken Pox incidence},
  url = {http://dx.doi.org/10.1101/2023.04.24.23289018},
  DOI = {10.1101/2023.04.24.23289018},
  publisher = {Cold Spring Harbor Laboratory},
  author = {Kumar,  Kaushal},
  year = {2023},
  month = apr 
}

@online{proj8,
author = {Students},
    title = {King County COVID-19 Weekly Cases Analysis}, 
    url = {https://ionides.github.io/531w24/final_project/project08/blinded.html}, 
    urldate = {2025-04-20} 
}

@online{proj12,
    author = {Students}, 
    title = {Time Series Analysis of COVID-19 Cases in Kent County}, 
    url = {https://ionides.github.io/531w24/final_project/project12/blinded.html}, 
    urldate = {2025-04-20} 
}

@online{proj3,
    author = {Students}, 
    title = {Analysis on Covid-19 Cases in Japan}, 
    url = {https://ionides.github.io/531w24/final_project/project03/blinded.html}, 
    urldate = {2025-04-20} 
}

@online{proj5,
    author = {Students}, 
    title = {Modeling Flu Cases in Oklahoma}, 
    url = {https://ionides.github.io/531w24/final_project/project05/blinded.html}, 
    urldate = {2025-04-20} 
}

@misc{notes3, 
  author    = {Ionides, Edward}, 
  title     = {Notes for STATS/DATASCI 531: Modeling and Analysis of Time Series Data}, 
  year      = {2025}, 
  note      = {Chapter 3}, 
  url       = {https://ionides.github.io/531w25/06/index.html}
}

@misc{notes5, 
  author    = {Ionides, Edward}, 
  title     = {Notes for STATS/DATASCI 531: Modeling and Analysis of Time Series Data}, 
  year      = {2025}, 
  note      = {Chapter 5}, 
  url       = {https://ionides.github.io/531w25/05/index.html}
}