OrderID,Price,Quantity,Timestamp,TradeType
461a7837-d83b-4756-9f0c-48e3f4b4a34b,323.246585,865,2024-01-01 00:00:09,Buy
3dd20b99-ed27-4772-b263-7276b3ffe4e8,619.467843,3663,2024-01-01 00:00:20,Buy
e50ef7c5-f831-4300-8c17-34646df8bc5e,462.153468,6857,2024-01-01 00:00:26,Sell
80cac9f0-ac3d-4070-b034-78a7b6461965,2.614305,3153,2024-01-01 00:00:39,Sell
0b98ea25-8065-42e5-9d98-3b9b5c8813e4,108.395254,5657,2024-01-01 00:00:44,Buy
82a01d44-fb58-47ac-afdb-613def9e3d66,531.535841,5994,2024-01-01 00:00:47,Sell
045bbdf6-2f4b-4372-9b35-82b0de2a36e6,569.218414,264,2024-01-01 00:00:56,Sell
7c10ebbd-86f0-463d-bd3d-f33d1a75be20,849.311330,9530,2024-01-01 00:00:57,Buy
b00b0438-6ea0-428f-8dfc-48709a9cf46a,139.495273,6500,2024-01-01 00:00:59,Buy
8f9f2406-a332-4d17-8c85-88a921aa9925,830.826684,4913,2024-01-01 00:01:05,Buy
4b22aa17-8c40-47a8-be36-23857f95222c,579.542791,9777,2024-01-01 00:01:08,Buy
ac75c80b-cc1a-4c88-b8fb-90d667261aef,695.434538,1032,2024-01-01 00:01:24,Buy
9fcdc208-aa02-48d7-8c10-d2c81a359da7,988.684847,4318,2024-01-01 00:01:24,Sell
1ee0be96-d080-44a8-a24b-accf1a9f85f3,155.263503,7246,2024-01-01 00:01:33,Sell
758fbc5e-74ac-44e9-8e5c-132f532d487b,888.361928,4175,2024-01-01 00:01:37,Sell
579a34b1-4566-4ea5-a633-e6fafa771f52,156.754425,4926,2024-01-01 00:01:37,Buy
df08c5d0-6908-4594-ad0f-316e93b8e2f2,404.236106,9341,2024-01-01 00:01:41,Sell
5ee115b1-fd2b-4629-ab76-efd5211d83b7,184.598219,6715,2024-01-01 00:01:47,Sell
3c11b19b-457a-43c5-ba2b-e2622377c1a4,180.883912,4996,2024-01-01 00:01:51,Sell
ec288cc7-2aa2-4f76-a5cf-6a667141baae,667.145601,519,2024-01-01 00:02:04,Sell
72a64bde-9e31-4cb2-b7aa-23592446ac44,593.474117,6856,2024-01-01 00:02:06,Buy
5e8df471-781c-4944-bb0e-a5f8faae457f,574.925271,7582,2024-01-01 00:02:13,Buy
9b4654a4-c273-465a-b06b-2a61baa1c2b8,664.685858,1777,2024-01-01 00:02:17,Buy
7f1c89a4-3706-4cf6-a227-1b1d031694c1,682.207142,8812,2024-01-01 00:02:22,Sell
f90881f3-e91b-4498-8b11-ac4ff7fafea1,619.694814,3678,2024-01-01 00:02:24,Sell
89bc7204-7485-4ab6-aa01-2bde1fbe6e85,271.749808,2908,2024-01-01 00:02:29,Buy
42888ced-8f97-45e0-8db4-d86bd4504908,146.197846,4252,2024-01-01 00:02:31,Buy
98b63734-8c81-454f-bc02-930c24588b21,736.032686,7250,2024-01-01 00:02:31,Sell
13ed3bfb-b9fa-401d-8a38-0ed68365c42f,813.360898,3104,2024-01-01 00:02:34,Buy
a0da1170-bb70-4fdf-a75a-70d9e506fa4d,421.617459,1492,2024-01-01 00:02:36,Sell
2aadc857-e741-4f01-bf2b-d9735982d49e,696.051384,2577,2024-01-01 00:02:41,Buy
6649e46a-5714-4bda-8deb-9c00a3608196,982.305348,4079,2024-01-01 00:02:44,Buy
4d4508fd-ef63-4332-bb4e-254fb4783bb0,50.973703,6192,2024-01-01 00:02:58,Buy
f1fbaa89-afbf-4ae6-8145-60218af8f0a8,721.854794,739,2024-01-01 00:03:15,Sell
f906df21-3b60-44dc-b7f6-c4b094ce7898,972.813074,4252,2024-01-01 00:03:17,Buy
cdbd235b-d6a7-43fa-86e9-5c05c93fc7cb,77.943766,246,2024-01-01 00:03:18,Buy
99230571-a6fa-455f-bf6c-d4926aca49a1,741.784447,8416,2024-01-01 00:03:34,Buy
05a9c9fb-dd35-4335-b229-f2b870188ff2,905.830837,3428,2024-01-01 00:03:39,Buy
80b3b9c9-d268-4e10-9ea7-d44c6e431f48,928.259436,5221,2024-01-01 00:03:43,Buy
3d2de03b-77af-4543-9bda-bd0c8334f533,22.226227,8604,2024-01-01 00:03:44,Buy
ee4e1ca0-f22a-4501-943b-efa041084877,309.304679,5648,2024-01-01 00:03:59,Buy
3e414756-be6b-43b2-a391-a1cc29114277,572.789398,6549,2024-01-01 00:03:59,Buy
ee5f77c0-e082-491a-afd6-595e7e918c15,348.216235,862,2024-01-01 00:04:00,Sell
7e241019-7bfc-4a26-9cb9-d60eae09bd92,386.977347,6163,2024-01-01 00:04:02,Sell
33ec488e-bf49-4cf3-8930-2cf974e5d961,137.756958,6235,2024-01-01 00:04:15,Sell
cd2f1a4c-fb9f-4d6f-a954-836cd3c8338b,91.782515,2072,2024-01-01 00:04:25,Sell
141476f4-4232-4224-a0ae-34c77bf72e45,194.359330,2381,2024-01-01 00:04:27,Sell
d48e9c5a-eaae-464f-acd7-2559613f5a43,57.616241,1954,2024-01-01 00:04:29,Sell
b4a1a41f-911d-4474-81bd-906aa143fa21,340.982255,3886,2024-01-01 00:04:37,Sell
624402a1-be2f-4cca-b63d-f7671fdd40c9,621.269894,1493,2024-01-01 00:04:40,Sell
34830bb0-5721-4b16-96d5-bbf7f5f1759e,715.338932,1395,2024-01-01 00:04:50,Sell
e9a44ebb-96e5-488a-8d82-5a8201c3939a,821.688452,9516,2024-01-01 00:05:10,Buy
cc807cbc-8300-4578-9e7a-cd59a42968be,787.957713,8077,2024-01-01 00:05:12,Sell
bb1d8954-4345-4455-b514-32883fc42c46,797.047689,4592,2024-01-01 00:05:18,Buy
1717004a-9440-44f1-bebc-3f5e6e49f3e9,304.037725,9187,2024-01-01 00:05:19,Buy
27eeae31-4cc5-45d4-938c-d14cca17ae65,747.054230,8197,2024-01-01 00:05:23,Buy
1afce135-b2c9-473c-9809-6a2eb97d980f,173.508808,7205,2024-01-01 00:05:25,Buy
780391e9-880f-4f3e-ac04-ef641a2ffef6,572.889288,7268,2024-01-01 00:05:28,Sell
f57be861-5a93-4032-8756-d569a0d6fb37,196.006986,1757,2024-01-01 00:05:29,Buy
db1eebb6-fe85-4949-9c3d-8449c48ee005,871.309533,4876,2024-01-01 00:05:38,Sell
cfe70fb6-dee9-4209-8a82-76e7bc9edb3a,771.143755,8794,2024-01-01 00:05:44,Sell
154c6691-6cea-497e-a517-c26783b5bb87,868.223807,3960,2024-01-01 00:06:04,Sell
a66d48fa-d70c-4189-9de9-9511561c9c71,510.802401,4755,2024-01-01 00:06:04,Buy
d5767d86-f3bb-414f-852d-5367d335b87b,248.904796,5425,2024-01-01 00:06:09,Buy
d6ea6dcb-12eb-45eb-9ac8-fea2dccb2199,432.096260,2448,2024-01-01 00:06:10,Buy
a1eebf3f-0c09-4ac7-b97a-47d9ae734f03,395.942425,5788,2024-01-01 00:06:10,Sell
ca4a465a-d63f-4b1e-ad88-7be1e913f220,958.992618,9157,2024-01-01 00:06:22,Sell
3507b80f-0508-4928-bfc2-b99e1bcfafb7,507.081168,8607,2024-01-01 00:06:26,Buy
34ad9327-b4e4-4bb1-97d2-9ad43516622f,436.888541,2421,2024-01-01 00:06:36,Buy
69ce21f4-a836-46cc-a4f9-1bdfb124c5cc,726.350817,1864,2024-01-01 00:06:42,Sell
b411dcfb-d82d-4c44-899e-c9b5dff8e2d5,619.478418,7190,2024-01-01 00:06:44,Buy
a3aaf599-664d-4178-91df-1e177e1188f2,944.029834,6446,2024-01-01 00:06:47,Sell
d76633ac-e3d0-4c56-90d2-8ec0ba4ca246,958.079089,4111,2024-01-01 00:07:07,Buy
0382f3da-a71b-40a3-b8b0-6e946a7a30b8,218.792895,9451,2024-01-01 00:07:08,Sell
ead32463-f33c-498b-94d5-abb1c94e2165,675.934220,763,2024-01-01 00:07:13,Sell
d6d5ecb2-5f12-4c21-8044-b1dc6497e3a8,624.180207,1351,2024-01-01 00:07:16,Buy
bbdf0a28-7b7c-4135-84bd-aab1a3b0cfe2,577.489336,4850,2024-01-01 00:07:29,Buy
ff2cd68e-79ad-4790-8657-cbe8ff5739f4,348.664877,5483,2024-01-01 00:07:30,Buy
c96df274-4702-417c-a937-0e763bc00e7b,118.228464,2989,2024-01-01 00:07:31,Buy
2b860af2-1b41-44c9-b04f-0eea18d5983b,420.269526,3153,2024-01-01 00:07:34,Sell
ffb06e43-396c-45e8-9126-59dc7278c51d,102.734177,5460,2024-01-01 00:07:44,Buy
14f164fd-d392-473c-babc-5b68e60fb51f,210.606464,7859,2024-01-01 00:07:48,Sell
69f990ed-8384-41d8-8360-ca2b7c123f30,477.560254,8707,2024-01-01 00:08:01,Buy
7d4a4944-4bfe-43a8-ba0e-e4a4dd0fdcae,828.795743,361,2024-01-01 00:08:02,Buy
a5481211-e228-427c-87fa-980ecab5d904,763.531727,8864,2024-01-01 00:08:07,Sell
9a33dc95-0b6e-4380-a3bb-3fc6c84a7337,28.367372,3754,2024-01-01 00:08:09,Buy
cce219ae-5310-4618-b513-89c9b586d65e,935.460872,1760,2024-01-01 00:08:13,Sell
958b143c-d9f8-4992-90bf-9d8450d2d90e,48.797439,1947,2024-01-01 00:08:15,Buy
8256b8de-d02f-49c1-bce9-18ab79877066,916.254569,1035,2024-01-01 00:08:20,Sell
7ecc1157-1401-4f6a-ab7d-404a6a4b2b37,846.817635,6538,2024-01-01 00:08:21,Sell
14e30361-1d3c-4eff-9050-49a04ea2ce9f,596.838676,9460,2024-01-01 00:08:32,Buy
d92c35e9-6472-4663-b930-fff7d5ce591b,258.260166,6196,2024-01-01 00:08:36,Sell
24b5f526-79f5-42dc-88c9-8758f524d8e4,968.506321,408,2024-01-01 00:08:41,Sell
997c266a-f990-415a-8332-8a0e3e4d5ce8,935.409989,1850,2024-01-01 00:08:41,Sell
f4ecb6b6-3181-4b63-8273-cdcbdccdc681,960.873315,4926,2024-01-01 00:08:53,Buy
88a8b5f0-c3c0-432a-a0c3-62a49b56359a,832.931261,5011,2024-01-01 00:08:54,Sell
af11a08d-599e-4b66-8fba-5fb02deae50c,556.168291,4197,2024-01-01 00:08:57,Buy
a5743138-4dc3-4be1-96ec-2b45e579d323,238.999611,6631,2024-01-01 00:09:00,Buy
a5099d22-f88f-4623-a5c3-4e209fb6d675,545.628465,1332,2024-01-01 00:09:06,Buy
434af7dd-9d4d-4c38-90f0-89a50a7cae74,908.124562,3899,2024-01-01 00:09:06,Sell
71742944-f1a5-4dee-8e90-2dcb3c3d6970,994.487128,4409,2024-01-01 00:09:14,Sell
6dce1d08-cc03-48b6-9ef5-2f76e761c948,648.623504,9645,2024-01-01 00:09:24,Buy
451cd1e8-bb94-4aa5-91e3-a492c667638e,266.793296,1447,2024-01-01 00:09:30,Sell
bf74f8ae-0609-4d24-98b8-f6e621c53c5c,727.858543,7208,2024-01-01 00:09:38,Sell
5027257e-1500-4615-a73c-812a14fd14d6,484.521441,7372,2024-01-01 00:09:42,Buy
21088873-7a48-4b02-946b-caa755c13c02,909.532759,3121,2024-01-01 00:09:47,Sell
86442e1d-dd94-40c3-ad4a-c8595e071449,883.150125,2031,2024-01-01 00:09:49,Sell
8450eebc-8060-4580-8b46-80ee3e497bdc,149.909394,9374,2024-01-01 00:09:51,Buy
dc2470e6-80a4-436b-97fa-3880cbc75b72,308.084160,161,2024-01-01 00:09:59,Sell
6cd17aea-0f76-419b-b82d-4996b7001d2e,948.028260,8142,2024-01-01 00:10:04,Sell
e6fc3cba-fbb0-4379-9eb2-ce3b03aa51ba,207.909378,9742,2024-01-01 00:10:04,Buy
eafb69cc-17bb-47ab-9e2a-b62e8dcaf9e1,733.416592,7061,2024-01-01 00:10:15,Buy
d6ae1de0-28ee-4fd9-a5cb-6dd41a9066ea,532.416852,2840,2024-01-01 00:10:22,Sell
27cd9695-df85-4c2a-8342-598b5db3cb3b,217.470554,6320,2024-01-01 00:10:26,Sell
3fbd91bd-2201-418a-8c4a-19fcb004f256,332.786945,1940,2024-01-01 00:10:28,Buy
a482dac4-34d2-400e-8a07-4ade3893809f,758.033322,473,2024-01-01 00:10:38,Sell
98660a83-f4bf-4f8a-abbb-b8b88d62244a,807.828230,2829,2024-01-01 00:10:47,Sell
ea9dc309-2a61-43c9-aeb8-3844dadb50a3,277.929761,2258,2024-01-01 00:10:50,Sell
87470c44-dc32-4800-b3e4-fbaf80230dec,478.274775,6186,2024-01-01 00:10:50,Buy
3f556c07-57fa-4eeb-b205-a83f361740ba,671.408054,1263,2024-01-01 00:10:53,Buy
1fc94a12-8e5b-434d-aa01-188ed713fb41,317.134102,4608,2024-01-01 00:10:58,Sell
e8bcdf41-83b3-4359-b560-675a36301da2,409.102153,124,2024-01-01 00:11:01,Sell
05128844-55b3-4fc1-bb69-6796d76d6d61,885.890042,9849,2024-01-01 00:11:04,Sell
295decc3-1390-4a26-a265-d1ca5be683da,519.320184,2463,2024-01-01 00:11:11,Buy
45038dcb-f4b1-434e-8291-66fd9eec0a47,447.208668,5334,2024-01-01 00:11:51,Buy
d0aa5602-d77b-414d-9552-432fa4f35953,919.817719,1153,2024-01-01 00:11:53,Buy
39d62a61-0d62-40c2-a567-f8c631111c49,689.752833,9124,2024-01-01 00:12:07,Buy
baccdf31-ff58-4527-b876-5455d890bb9f,535.647537,3027,2024-01-01 00:12:21,Buy
f8a07ab1-d418-4672-a9e2-bd61c4d72deb,476.093370,1790,2024-01-01 00:12:27,Sell
659401ce-d924-4c10-a189-29d5d1715e39,589.592462,7388,2024-01-01 00:12:27,Buy
f4ee09ba-3f78-4e01-a40e-2890ee175842,925.977784,786,2024-01-01 00:12:36,Buy
42d6625a-ce06-4f76-b968-b62e823fdd85,88.432452,1870,2024-01-01 00:12:40,Buy
ba2c59a2-ab94-48a5-80a2-fc89d2a5728e,222.374128,9556,2024-01-01 00:12:41,Buy
56953c48-5f2e-4852-8f1c-d4ec1428edde,307.755904,6106,2024-01-01 00:12:45,Sell
f13b041f-5c20-40c4-a33b-e4f52ea34a78,227.035715,8969,2024-01-01 00:12:49,Sell
bb7930d0-ba3d-4107-9f50-f7fb5fb61822,754.429053,3345,2024-01-01 00:13:10,Sell
8e7d12f3-a061-4587-93d0-82402804c1cf,898.736504,4565,2024-01-01 00:13:18,Buy
311c8c68-8f12-40b3-b9ba-5c03c08dc8ff,630.007658,5793,2024-01-01 00:13:20,Buy
acac4269-4fff-456e-942f-abaa74f496b9,77.202358,3777,2024-01-01 00:13:25,Buy
e11890b0-cf55-4d8a-ab7c-a470d8033c6d,302.889461,6085,2024-01-01 00:13:36,Sell
92e923f6-7ce9-41cc-a031-5971b17d0b8c,793.599658,3308,2024-01-01 00:13:41,Buy
65b57b3c-a1bc-4106-b90a-54697d5923fa,486.860550,5442,2024-01-01 00:13:41,Sell
75915855-f003-4556-b57f-0f2c9e94685c,432.837287,2224,2024-01-01 00:13:56,Sell
af259070-9c00-4987-a1d8-08775544550e,528.227500,8003,2024-01-01 00:14:15,Buy
d53e6b2b-e031-444c-b01d-72ec45491f74,134.940452,7233,2024-01-01 00:14:20,Sell
602d2c93-fdf6-41e6-aa96-6e9c7ce6ff62,726.438955,9370,2024-01-01 00:14:26,Buy
f441694e-ef67-4ca2-8750-5812814e4496,396.742162,581,2024-01-01 00:14:28,Sell
0f3b1741-4c78-46f8-8280-7cb7f61b225f,321.187713,222,2024-01-01 00:14:35,Sell
dcaadfa0-bfd1-41ee-aa87-0c17b6480ac7,429.340184,1798,2024-01-01 00:14:45,Sell
b89c9456-1506-4121-acde-10258b1dd1a8,637.063615,4769,2024-01-01 00:14:46,Buy
a86aafe9-88ab-4ae5-ad17-a5180502482f,487.749666,2017,2024-01-01 00:15:23,Sell
8e7b4f16-be51-499c-9df1-901d688260e4,641.176391,9696,2024-01-01 00:15:29,Buy
7c2da084-5443-43c8-8e63-5eb31b2d11fd,305.940317,1833,2024-01-01 00:15:32,Buy
d5c5d75e-fe8f-463e-8c60-4fc8002ae964,450.693133,3154,2024-01-01 00:15:49,Sell
d0709082-b8ec-493b-b36a-da1c9c2a2c5a,14.246129,9938,2024-01-01 00:15:55,Buy
583aa23a-f113-41b9-9741-417d12c61ea2,379.622163,4797,2024-01-01 00:16:08,Buy
e2982e1e-3ef1-4e94-a207-795236152cfc,806.462500,160,2024-01-01 00:16:19,Buy
3ccc0371-27ae-4e99-96f0-98986d3f8e9d,607.060896,9749,2024-01-01 00:16:46,Sell
5d018a28-c667-4fba-bcf0-5b0cdbf37675,112.511139,8045,2024-01-01 00:16:48,Sell
eacc56f4-54af-4d7a-b3d7-7fe57142db08,152.675727,1074,2024-01-01 00:16:52,Buy
262b9dff-488a-41fc-af0f-2945f2230e24,973.864399,1780,2024-01-01 00:16:58,Sell
d1926985-aa8d-490b-80c2-8f922c1ffa17,475.043390,3345,2024-01-01 00:17:06,Buy
6ca07a78-58da-48a9-9f45-c2105a40816f,723.489357,1001,2024-01-01 00:17:16,Buy
8f291b74-34fa-48b9-a66d-79408c118516,243.308248,4225,2024-01-01 00:17:28,Buy
4826bc25-3761-4bc5-8cb7-45cc18a68967,253.721476,9844,2024-01-01 00:17:30,Sell
43aeb32c-3a7a-40a7-8a9f-f1cda429915b,310.350652,1719,2024-01-01 00:17:35,Sell
c1932ae6-ca4c-4daf-bb30-8cd1b8027811,146.188595,8953,2024-01-01 00:17:38,Buy
dca600a5-a185-46e1-96b3-ae3745e3b9f9,404.596285,2783,2024-01-01 00:17:43,Sell
e7b55926-66e7-4fa6-9dca-5907f7f08119,614.700202,6378,2024-01-01 00:17:44,Sell
2a47e561-c7f7-49d7-83c8-736b7296c5a8,877.438823,653,2024-01-01 00:17:52,Sell
237b22fc-9586-4b3b-9d88-f4fb9e080816,896.697214,143,2024-01-01 00:17:53,Sell
448dbac8-3acf-47c7-9ab8-61bd958f5257,335.287452,7423,2024-01-01 00:17:54,Buy
495444ca-6641-4475-a572-07412dbaa2d2,223.082217,842,2024-01-01 00:17:56,Buy
ddd7b436-1578-481e-83bd-af700768d8e6,671.354778,2475,2024-01-01 00:18:05,Sell
42e73030-e4a5-451c-b3e7-b5ea8392aa0f,998.702826,440,2024-01-01 00:18:07,Sell
4936932d-b869-4721-826a-fb74e4c755b5,878.607298,1271,2024-01-01 00:18:15,Sell
0eaaf15e-af31-47e9-9667-ec1ad46257a5,232.632373,1013,2024-01-01 00:18:30,Sell
dbcd654a-1a7a-49f7-9af9-c10e70bbb859,188.444474,5461,2024-01-01 00:18:31,Sell
2808146a-5998-43d3-a0df-14285619a1ca,789.947393,1047,2024-01-01 00:18:40,Buy
836f6497-b8f2-4053-91bb-2088e82e9735,572.055736,9782,2024-01-01 00:18:40,Sell
392aeca3-324e-43fa-8775-ff49aaac953f,995.652704,9396,2024-01-01 00:18:43,Buy
614b04c1-68e8-444d-a261-f5c7dcd603ac,35.877684,6242,2024-01-01 00:18:47,Buy
7b8e627d-0b7e-4b52-bce9-09c29c48d1b4,157.102242,9059,2024-01-01 00:18:59,Sell
01f2c263-0dbd-4417-b46b-501d411ded62,623.548612,82,2024-01-01 00:19:06,Sell
200ee9d1-1ec6-4f48-bcad-7b7b7eeced72,744.135067,5652,2024-01-01 00:19:09,Buy
f1204d8e-b2b8-4b7f-9a2c-b5debc287281,593.711562,1347,2024-01-01 00:19:16,Sell
923511ce-7779-4b59-9faf-306f3ba6d7c0,446.565188,7055,2024-01-01 00:19:20,Buy
00906133-a78d-46f1-a9b0-cc1d66e25700,855.998370,2726,2024-01-01 00:19:24,Buy
dd323f61-8537-420b-8ca3-25c5f46c8a64,709.169285,8752,2024-01-01 00:19:35,Buy
6a6fa2a5-c481-47f6-88e2-ee743730960a,281.340894,9619,2024-01-01 00:19:40,Buy
0631f394-00b0-4149-9f71-85940f516bca,937.655467,2835,2024-01-01 00:19:45,Sell
5888e4ca-cc72-4143-adc7-ad1f301802de,727.822259,7341,2024-01-01 00:19:47,Sell
c88d9a50-483b-42e1-a6e3-f7c1f9df0ca9,890.650971,8037,2024-01-01 00:19:52,Buy
b835f862-9fbb-4916-b274-61dcd4e0d165,235.688132,8652,2024-01-01 00:20:08,Sell
eeb75751-9f87-4563-a9f0-18bf98e2cd95,7.926340,222,2024-01-01 00:20:09,Sell
9db80745-705d-4963-b9bc-a42401ad2e9e,607.712060,3322,2024-01-01 00:20:11,Sell
9c8e5ac8-931d-44dc-a4e2-2cd2fc73cad8,268.849637,6230,2024-01-01 00:20:11,Buy
e6fcaf99-3093-41ef-ad6e-b42462fbc0fa,281.488240,332,2024-01-01 00:20:12,Sell
86649751-dff2-487c-89b5-7d07bf8e9e5f,633.121169,7740,2024-01-01 00:20:14,Buy
5dbdee36-f7d2-4c99-bb5a-6b115bd3b32b,908.032749,2312,2024-01-01 00:20:22,Sell
7e344966-f17a-4754-aead-d1f7543ec89a,251.675111,4684,2024-01-01 00:20:31,Buy
8923df66-ce0b-41da-bf11-382b79740bd2,127.072742,3670,2024-01-01 00:20:42,Buy
46c7de0c-60df-45e3-b0e5-287539ed69b6,593.627575,1589,2024-01-01 00:20:50,Sell
452190a1-2cdb-48b7-943f-9619faa3c1f1,690.883945,7199,2024-01-01 00:20:58,Buy
1b7742ab-624f-42e9-b83c-92f083056252,107.409033,8421,2024-01-01 00:20:59,Sell
758a55c6-f2de-4972-b110-ccb672740cba,935.754216,9226,2024-01-01 00:21:00,Sell
4cec62fa-ffe8-4eee-9339-1ff0e292e953,966.210478,9447,2024-01-01 00:21:02,Buy
344a9d87-7f4d-4936-a436-1bd60e8e483d,502.679607,9281,2024-01-01 00:21:45,Buy
fffbaacd-4ae6-4f8b-9301-256b386adaa6,723.400221,1177,2024-01-01 00:21:47,Sell
120a8072-c17a-4708-8671-93aef2c820ba,253.262158,6055,2024-01-01 00:21:47,Sell
c1e13500-ab6a-4dd2-a89c-43b1b65df0b5,696.924036,7729,2024-01-01 00:21:49,Sell
713c3ba5-e1c4-4415-bcda-5e1576acbd18,297.695819,6986,2024-01-01 00:22:04,Buy
02505b48-0eba-43fd-98d5-7b65a45dd6c0,47.482694,2945,2024-01-01 00:22:12,Buy
3be87564-d4e2-4e5c-abc0-1a097cbec4dd,42.512574,5131,2024-01-01 00:22:16,Sell
d59e74fc-faf4-4a4d-9667-89e92b75430e,209.813172,1574,2024-01-01 00:22:27,Buy
fd099ee6-c904-4d62-9254-840538b687d5,912.093751,4255,2024-01-01 00:22:36,Buy
ab54ca4e-2b95-4c86-bb56-1558974d225b,997.034059,3043,2024-01-01 00:22:41,Sell
95d1f0e2-c37d-4f98-870b-0bd5cfa3dc88,794.587010,4008,2024-01-01 00:22:44,Buy
e990a480-409c-4965-a8cd-e049f2b03218,263.135948,9475,2024-01-01 00:22:47,Sell
39c8b723-57b9-45de-b4cb-edfff7305e87,447.858004,1193,2024-01-01 00:22:51,Sell
548889f7-caaa-486a-8201-18f753b503f3,52.731525,5047,2024-01-01 00:22:57,Buy
895113c6-fa7d-4e3b-92eb-83eca6e7df10,653.609313,9443,2024-01-01 00:23:13,Sell
6b9f78dd-88f5-4848-acb9-b3dc933f1600,330.452503,8403,2024-01-01 00:23:15,Buy
a0137f43-e03c-4d00-86b8-4fedb24e0ef1,30.102905,8670,2024-01-01 00:23:25,Sell
2627c116-59a6-4820-966e-f28924738bd9,518.399118,9258,2024-01-01 00:23:37,Sell
881e2055-5eae-4704-8d67-84103feed9cf,632.899966,8277,2024-01-01 00:23:49,Sell
298c9294-3333-442b-ac77-fa4a94d97e86,299.731880,9328,2024-01-01 00:23:53,Sell
b48a0186-5d15-435f-bffb-b7ccc61d3cad,664.622024,8415,2024-01-01 00:23:55,Sell
4c355f6a-943a-4ec4-b49e-6e475b232824,272.981861,8929,2024-01-01 00:24:08,Buy
5ca27899-7daf-4048-932e-d977165bbcf1,97.715828,6409,2024-01-01 00:24:17,Sell
54e5c849-c942-4768-9fa2-6e9d11daa0d4,250.682523,7359,2024-01-01 00:24:23,Buy
70663e24-04c5-4864-a419-2e4b4f32d3ca,878.098940,1534,2024-01-01 00:24:33,Buy
7f6431a1-d973-4b0f-b16a-20d0af6979ca,50.267790,4980,2024-01-01 00:24:48,Sell
13c59742-d06e-4c88-aa6e-efb40fd3b6ba,837.690405,5501,2024-01-01 00:24:50,Sell
4bafa76c-8091-446c-96e9-380834429e54,716.584210,6371,2024-01-01 00:24:50,Buy
30d18f42-40ae-4616-ac5c-a9449cd2f4d8,592.179258,8907,2024-01-01 00:25:01,Sell
11484813-c13d-4f3d-9bab-1df286ffce08,24.016784,4204,2024-01-01 00:25:02,Buy
7e39a6dd-c419-4aeb-80d7-07ea5d7f02e3,614.778545,6502,2024-01-01 00:25:02,Sell
858a4115-8480-4bef-8102-740353c54382,453.340469,6341,2024-01-01 00:25:18,Buy
a8245493-71a1-449d-8034-62ae04cde9a5,554.920428,3904,2024-01-01 00:25:25,Sell
c7c1e4de-2ee8-4c02-8166-7c70eec67a3d,30.992563,9088,2024-01-01 00:25:29,Buy
ff435866-64e8-4027-a4d6-da2f0b3dca0b,205.333332,1630,2024-01-01 00:25:33,Buy
d7f56021-5fe5-46dc-b9c3-62e6bca390a5,546.482747,6631,2024-01-01 00:25:35,Sell
968e266a-9989-4c10-90de-6ed3120bb925,309.715542,8325,2024-01-01 00:25:38,Buy
e4802a84-21a9-4bb3-a4ce-f5242b520962,979.912791,9787,2024-01-01 00:25:42,Sell
3bb943a0-77bf-4ab6-b524-cd800806ed92,885.920700,3409,2024-01-01 00:25:46,Buy
6a2a5e57-9060-4bfa-8f86-5adeb85884eb,514.123416,4349,2024-01-01 00:25:52,Buy
b2864a64-02c4-4f59-b6a9-dd18e43091c0,78.032230,4672,2024-01-01 00:25:57,Buy
8555065e-6003-473f-a9af-0f3a4620814d,885.157500,5022,2024-01-01 00:25:58,Buy
43d95619-1a15-4b67-bef3-00a3c71401d3,189.167158,7899,2024-01-01 00:26:03,Sell
28a9b3ad-0193-4eda-ad0c-a4ba63b370a8,747.705984,2617,2024-01-01 00:26:23,Buy
31b1bb19-6cee-4b2e-935f-8c39893e97f1,279.608636,3057,2024-01-01 00:26:36,Sell
199274f1-bd05-4cba-a95c-3e8545effe66,721.394920,211,2024-01-01 00:26:41,Buy
d98038c2-2b04-4476-acda-d07d585f18e7,321.649405,8155,2024-01-01 00:26:50,Buy
d6349ba8-ba4b-4247-a775-a461ea6b2182,227.002452,3346,2024-01-01 00:26:52,Buy
f1e81dc5-5415-48b6-8045-717db9c9adf6,619.986597,273,2024-01-01 00:27:01,Buy
5be435dc-f1ec-41ed-b3d6-f70fb2a44cc8,679.442957,9279,2024-01-01 00:27:27,Buy
ae61afe3-bfcb-4703-a1de-81345b71a6d7,761.109918,7712,2024-01-01 00:27:29,Sell
6f44522e-6d56-48f5-9cda-06eb9bdcb483,160.350706,2452,2024-01-01 00:27:40,Sell
b7a223b1-9f86-4140-b05d-08bfb1fe9934,73.983277,7336,2024-01-01 00:27:47,Buy
aa0164fc-d4fd-498d-8504-87d2e1fec943,173.858227,7442,2024-01-01 00:28:10,Sell
88293a8e-5c28-49f7-a14f-2540ef923561,398.795377,8597,2024-01-01 00:28:10,Buy
d81caea1-0be9-45b4-a216-feb0631dd04a,389.810793,6926,2024-01-01 00:28:17,Sell
2db40b49-5a34-4b5d-b8b7-45be9be4a153,262.174155,7337,2024-01-01 00:28:18,Buy
e8ed3a1d-437a-4eee-aa19-ae6c839ae446,831.117446,4300,2024-01-01 00:28:19,Buy
f9b70e55-8a19-4e57-b31d-7344150b70de,756.904030,677,2024-01-01 00:28:20,Buy
ed38f633-10f8-4e88-870a-13a661482a48,309.711352,4794,2024-01-01 00:28:20,Buy
f8b6ced0-1c95-4e94-b611-9c36ea32986a,148.049759,6926,2024-01-01 00:28:27,Buy
fb059402-3d3a-4b28-8b6c-cacd3fd50cea,934.229622,7921,2024-01-01 00:28:33,Sell
c3c769c8-c88d-49cf-a337-30213977a10b,149.233148,2648,2024-01-01 00:28:47,Buy
07e06b9c-84b0-4ee1-a0d5-41cfb5a3f7fd,88.677652,8044,2024-01-01 00:28:47,Buy
55fb0f1d-4ca2-4a90-a9af-8b530ef77e4f,582.067026,8530,2024-01-01 00:29:02,Buy
c1d89f8b-2369-4b49-8860-74e1d8e299f5,416.431270,1211,2024-01-01 00:29:11,Sell
929d12ed-8ab1-4305-95fb-49df44a0d559,227.550549,6625,2024-01-01 00:29:24,Buy
6ca544da-515b-4127-9494-ae7791219c92,479.139629,1614,2024-01-01 00:29:28,Buy
76896422-e8d4-40cf-a12e-38f522392373,201.177751,8282,2024-01-01 00:29:42,Buy
6f010a16-4d1b-4ae8-9226-43ac1de04fc8,35.128324,6032,2024-01-01 00:29:45,Sell
be31d7f3-3576-4d8b-aa6d-36eef1748cd6,987.315102,4974,2024-01-01 00:29:47,Sell
4c728cf8-a252-4e2c-9fde-b22a659a3e73,688.147916,8663,2024-01-01 00:30:00,Buy
2c8fc99e-d910-4eaf-91d7-468da730f16f,749.102847,2451,2024-01-01 00:30:03,Buy
665323f5-24d1-4986-82d0-7f0f59f8bb6c,863.605975,7180,2024-01-01 00:30:16,Buy
556acccd-9673-4b95-8e2d-6e11cba239f5,692.848562,5614,2024-01-01 00:30:17,Buy
ca67c753-0dba-4988-9661-0f086e0e89d3,142.428311,1406,2024-01-01 00:30:27,Buy
a613a4e9-8137-46ff-a05a-8788f634d2f6,168.575360,8103,2024-01-01 00:30:55,Buy
ad7664e4-6e08-4e9e-ad24-99407aca056b,504.688971,7009,2024-01-01 00:31:03,Buy
3674b38e-d7d7-40dd-b221-4e3a3ab4d6b6,651.470530,5529,2024-01-01 00:31:04,Buy
c8388f54-dd16-4f1f-b390-4245a058b9ac,490.590089,938,2024-01-01 00:31:05,Sell
b072f53d-6ef1-4637-9dbb-eb5bed86b75a,123.211244,934,2024-01-01 00:31:07,Sell
cb2d8ee1-3f91-4bd3-8729-4dda4008d52c,928.122293,6700,2024-01-01 00:31:11,Buy
eb8118c9-2c77-4c15-bd0a-83cf4febc853,619.034008,3241,2024-01-01 00:31:17,Sell
227086e2-646f-47a6-885c-5a33e4b068b4,260.000269,3371,2024-01-01 00:31:38,Buy
91c8f981-9680-46c6-a9f7-c9e157f17486,874.315422,5245,2024-01-01 00:31:49,Sell
d265277e-3ff7-4944-8f97-f256544b1f51,554.266257,529,2024-01-01 00:31:52,Sell
c72a4277-1998-4597-af13-7a5dad9ee0a7,763.481877,824,2024-01-01 00:31:58,Sell
cfd5689f-faa9-4861-a196-39c8dff2bcfe,485.916786,8697,2024-01-01 00:32:21,Buy
37990209-0dcf-44cf-af84-6440f2a6c0c7,943.163995,9557,2024-01-01 00:32:25,Sell
89ad52a3-7c3a-46df-b8c6-b5156cd23466,503.600951,4334,2024-01-01 00:32:29,Sell
8500997e-af01-45a5-9ba5-5b69d85e0df7,357.086867,4720,2024-01-01 00:32:33,Buy
798d9e22-523f-4e4b-b53c-984786d06874,907.525718,9878,2024-01-01 00:32:39,Sell
d63d9359-dac3-42b1-ae83-75bc1512fbfb,133.824976,3211,2024-01-01 00:32:47,Buy
5ad4f2b2-5a68-4bb9-8b08-deeeff596339,392.025790,5028,2024-01-01 00:32:56,Sell
297f1561-009e-4238-9063-7f0ee2189d5c,260.395188,3101,2024-01-01 00:32:58,Sell
277761ca-7ebc-4748-920c-3c35189ea013,833.342779,4001,2024-01-01 00:33:11,Buy
b54d3f1f-5d72-4b6b-9d3c-c536a6603a07,335.551807,3370,2024-01-01 00:33:20,Sell
66a6b39d-0469-4130-8427-4f9cb2880a7c,207.457986,9717,2024-01-01 00:33:30,Sell
6d80f150-a24f-4ffa-81ff-265627ebbee3,99.693322,8679,2024-01-01 00:33:31,Sell
fb4a080f-f5ff-40ae-adec-2e18285ed44e,692.339784,889,2024-01-01 00:33:34,Sell
d8729578-f73c-4715-9717-5d780d546521,373.524995,4420,2024-01-01 00:33:37,Sell
ae946011-a0d6-49b6-b6cf-e1f3f85c99b1,399.938696,6083,2024-01-01 00:33:46,Sell
345d6d02-6078-497a-8cc3-57eb21e967e0,209.591257,4194,2024-01-01 00:33:53,Sell
f2143bee-de75-40c5-8b6f-d4557458b5e5,218.626017,9651,2024-01-01 00:34:00,Sell
7f0540a0-6b1f-41ec-b565-38b371259199,147.002729,177,2024-01-01 00:34:05,Sell
f1150d4f-03f5-4780-bad8-748686d907e4,500.821458,8735,2024-01-01 00:34:11,Sell
de2efb14-f589-4135-a25f-54f6d24eeaf7,54.469973,1068,2024-01-01 00:34:13,Sell
c6137ae6-513a-40e0-b549-54dee3c30f5b,162.441780,2560,2024-01-01 00:34:13,Sell
fa35a35f-7bd7-4d44-9143-f9b5cf164ae9,594.316967,9037,2024-01-01 00:34:16,Buy
29e590f9-ad7c-45b7-a278-0e66cab1ac8e,891.886366,5363,2024-01-01 00:34:28,Buy
2ed313f3-6599-439a-aa0e-1f36165e4327,314.183997,3207,2024-01-01 00:34:47,Sell
6e1a7141-35b5-493a-9555-c6c26ad28a79,856.838939,9438,2024-01-01 00:34:53,Sell
036f0b10-03e4-4803-98ab-4ff67f67588a,877.566213,6807,2024-01-01 00:35:05,Buy
6e64f26c-4ede-4ec1-bd8d-f08cb5a906b1,540.852380,3869,2024-01-01 00:35:14,Sell
e36acce5-c0be-4264-9c87-d8bd4a643b18,764.310279,355,2024-01-01 00:35:21,Sell
92d2f692-da09-4852-ac22-b9c79da7232c,933.074621,4336,2024-01-01 00:35:21,Buy
91a87cc4-abf0-4672-8fef-396352f8d7af,753.043381,4291,2024-01-01 00:35:26,Sell
0bfc9684-17a1-443e-a5d7-d260e36e7307,260.508887,839,2024-01-01 00:35:27,Buy
8294b53f-64d0-4b28-b190-77a03bdb52ec,803.411322,9968,2024-01-01 00:35:30,Buy
150dec77-3243-4daf-82d6-5d0723819846,920.265336,5722,2024-01-01 00:35:33,Sell
e76966f0-44b6-4355-a9d9-e4a551b7c5f1,53.074962,753,2024-01-01 00:35:36,Buy
13a41397-3c50-4327-bffb-71df3fe936e0,666.885859,4732,2024-01-01 00:35:56,Buy
ca4b268b-1f08-4ee2-9ce1-221dd05019f1,509.249116,3014,2024-01-01 00:36:10,Sell
531f1c50-b98a-4d0d-85e6-a31044c31151,965.589618,9583,2024-01-01 00:36:11,Sell
9cada752-c4a7-42e8-809e-0353a9ef66aa,35.756366,6142,2024-01-01 00:36:46,Buy
f7a58505-ad33-48a1-aa13-e6333830a9a7,408.630788,4065,2024-01-01 00:36:49,Sell
0a68e36b-97a1-4d5b-b462-ec11f4205a24,22.090107,9949,2024-01-01 00:37:11,Buy
0ece55b5-65a9-4ff6-8a2b-b56590095c08,403.601141,481,2024-01-01 00:37:18,Sell
69634f62-cef7-4eac-8431-07489e90ce09,73.588700,6858,2024-01-01 00:37:35,Sell
88e8619e-9b28-4029-99d3-01f5c6b5bd33,636.334974,8258,2024-01-01 00:37:42,Buy
99cfc340-8320-4d9e-ae52-4bb471eb2c50,46.556145,3876,2024-01-01 00:37:50,Buy
e8521fe2-33dc-41ca-ae3c-9fec4c4f6266,274.339448,6697,2024-01-01 00:38:22,Buy
77bab6cb-a8b2-4ac8-95d1-734325b85f0f,336.814702,8760,2024-01-01 00:38:28,Sell
b44334f8-6e2d-492d-b0ea-c06c547c2512,971.979406,2825,2024-01-01 00:38:35,Sell
87ff5ddd-1aa9-4e49-bde8-8814db58d84e,319.439283,6157,2024-01-01 00:38:36,Buy
4007a9bb-e1bb-4192-94f4-0269987c2714,966.892901,6362,2024-01-01 00:38:53,Buy
27c3d62b-2f1c-4313-8e71-ebfe99374b7f,740.845214,4269,2024-01-01 00:39:23,Buy
fb66730b-53ff-477f-b027-9787b4633da8,308.608680,5388,2024-01-01 00:39:25,Buy
ed53345f-34d5-439c-969a-e1c55e75c1d8,737.211090,2218,2024-01-01 00:39:31,Buy
5560f294-dca5-4214-9e9b-f0e4ec29f370,331.350582,8896,2024-01-01 00:39:49,Sell
ff881c26-1088-4619-b39d-327adb765f12,573.846946,6933,2024-01-01 00:39:50,Sell
0c8cba4a-ee3f-4014-869e-617a9fb22114,73.043086,8301,2024-01-01 00:39:50,Sell
bd1c7fe1-3588-4f01-85ef-db8f4a8ae601,660.409902,8858,2024-01-01 00:39:55,Sell
b89d5740-d906-46d6-bae5-299d4a11a3cf,971.944241,7806,2024-01-01 00:40:04,Sell
645e3023-7c17-4a67-a00d-a87eb02cbd93,519.201601,3369,2024-01-01 00:40:05,Buy
b7dc3c6e-9b6a-48ba-82ab-9a70dfe50284,299.865838,5609,2024-01-01 00:40:11,Buy
5424eb37-9bf0-4025-9c94-f2b019c21f1a,518.555104,6697,2024-01-01 00:40:21,Buy
287da46f-97c3-4af9-bd9d-c64124a2ed0d,120.336258,6597,2024-01-01 00:40:26,Sell
eaee90a8-3906-45c0-9f33-9b18e93d5537,982.232887,9147,2024-01-01 00:40:34,Sell
7ef3af6b-afde-406e-8e6d-69ebd33d4848,421.785222,4956,2024-01-01 00:40:35,Sell
5de3d534-d49a-473d-998f-6219b7bdd7d0,402.449455,9051,2024-01-01 00:40:52,Sell
c4463684-829e-424c-b5ac-bfd036b1a995,643.222383,9445,2024-01-01 00:40:56,Buy
231fe96f-8e7e-420b-9f53-3f9ca1d73949,135.795351,722,2024-01-01 00:41:03,Sell
54a7665a-dbb1-4538-b3be-6e7a92376e69,87.252919,9284,2024-01-01 00:41:04,Sell
04905dd9-d861-4446-89d7-326d7d7fa151,241.550549,2895,2024-01-01 00:41:15,Buy
4fc8dfec-3115-4546-8569-7d3bfc6fc660,289.417596,6031,2024-01-01 00:41:15,Buy
aee9d6d6-a1e8-4296-839f-e0e9ff5503d1,776.512029,7625,2024-01-01 00:41:15,Buy
f44e82e4-a2a0-4df1-a5bb-9e98ccc1c98b,716.724594,6164,2024-01-01 00:41:16,Sell
dd815600-a918-4db0-bb5b-bfd665358d22,349.172799,9405,2024-01-01 00:41:20,Sell
9a9bae17-493a-4702-a195-0789758e10a4,453.502191,7205,2024-01-01 00:41:25,Buy
c5b9b7ae-2216-462c-b83e-2fad6ee03c18,994.183281,1274,2024-01-01 00:41:27,Buy
046e3177-ca56-4a34-9650-02e215956650,120.244704,71,2024-01-01 00:41:28,Buy
65f9d3e8-aa54-429c-93ca-5d68f5e794c7,832.751435,1233,2024-01-01 00:41:28,Buy
43f4fdb7-d192-4608-a87f-53adb90c691a,542.780875,4820,2024-01-01 00:41:31,Buy
283b361d-9f5c-457c-b821-08e918717ba5,406.243465,7205,2024-01-01 00:41:31,Sell
0a0f9a73-7f10-4bb1-b81c-f039ec20b418,638.055435,1619,2024-01-01 00:41:44,Buy
17f8e176-656f-447d-aa32-703a9194ca14,625.936699,978,2024-01-01 00:41:48,Buy
4b12854b-914e-4fb4-9d65-14d9842925b6,654.756841,1358,2024-01-01 00:41:50,Sell
c1634be9-8951-4fce-af0d-4ea9aa71f9b5,257.795609,5579,2024-01-01 00:41:51,Sell
917b4414-b8ea-4917-b4a8-0068f4da0d0f,109.505791,526,2024-01-01 00:41:53,Buy
a2f17306-e9f2-4827-af64-0cf989a25f51,343.820585,8077,2024-01-01 00:42:08,Buy
3c29839e-7cd8-4ad3-a881-c9c509fbbf58,298.460616,274,2024-01-01 00:42:11,Sell
43f9156f-8b72-47f8-9884-5793cbe114ca,434.700026,5846,2024-01-01 00:42:14,Sell
4ef038a6-6f2f-491a-8f30-b589d5ef398c,531.818900,1666,2024-01-01 00:42:20,Buy
4d5d1f54-07ce-45f2-81cf-a9721ff1ed6e,824.898973,195,2024-01-01 00:42:32,Buy
c3a5331e-6a94-43cc-9388-f79d6a2705b7,981.266845,7464,2024-01-01 00:42:35,Buy
f7cfb533-09f0-41a7-a623-9a3666cac76d,427.280820,3282,2024-01-01 00:42:39,Buy
3787f839-95b3-491d-bd72-ee1b4a03118b,778.818234,5281,2024-01-01 00:42:40,Sell
531d098d-3c3c-4541-8391-941e2e19e425,583.599564,6906,2024-01-01 00:42:45,Buy
58547bf3-85db-4cf3-bbad-48d6da317d5d,770.831882,8833,2024-01-01 00:43:07,Buy
93caaf45-0357-4136-96c0-7833332aab54,480.209499,1631,2024-01-01 00:43:08,Sell
a5180487-8335-430b-912c-e085614ab04f,474.985383,5385,2024-01-01 00:43:09,Buy
5fe2f976-223b-4062-928e-385463c68fc8,260.621004,1466,2024-01-01 00:43:11,Buy
5dbca221-a13d-44be-bf12-e627f3d36b68,501.541112,5328,2024-01-01 00:43:21,Buy
089168a5-9c22-4eed-9c88-c0c534f8f47d,172.937241,7154,2024-01-01 00:43:32,Buy
8bd3ded9-3db5-4180-80c8-fbe08e8ed30c,520.395702,1705,2024-01-01 00:43:49,Buy
cc0369ed-3889-442c-9b2d-e7b7cdb81213,346.821536,9047,2024-01-01 00:43:51,Sell
83cb2348-ef62-4a3a-93a9-a83d6e090afd,207.483780,796,2024-01-01 00:43:57,Buy
972f058e-be08-4465-b179-cfe15d27bf1e,382.694469,8892,2024-01-01 00:44:03,Buy
a2e8f5fd-eca5-4737-8259-956937726755,887.526269,1760,2024-01-01 00:44:05,Buy
cb556233-a153-4670-b629-2c46eecb235f,291.422927,8648,2024-01-01 00:44:08,Sell
736f3a2d-c896-402e-a7d3-e6e7a8072804,713.061667,428,2024-01-01 00:44:26,Sell
c674ac06-f6f3-4baf-be93-6b2d659c3620,182.789426,1836,2024-01-01 00:44:28,Buy
a87c6cb5-50e5-4599-9893-ce443e180314,728.518570,9685,2024-01-01 00:44:29,Buy
601227d3-f143-43c9-9a1b-406946c0b196,838.085839,4431,2024-01-01 00:44:34,Sell
8e8b5026-e854-4735-8b81-9a8effb859cb,127.190229,3867,2024-01-01 00:44:42,Buy
689771be-6d69-46d9-89ad-836daa6ab8dd,551.775151,8792,2024-01-01 00:44:47,Sell
401884d9-f124-4525-a4a3-c20e2d35f105,24.784078,5152,2024-01-01 00:44:48,Sell
b03f6006-a088-4405-ac6c-1f1b238f9bbf,100.675513,5951,2024-01-01 00:44:55,Buy
7421f398-4686-4820-a84e-82cdec7fb046,973.205707,5505,2024-01-01 00:44:56,Sell
2b39fa44-4989-4c57-9bf2-a2a5c159a969,462.747443,6259,2024-01-01 00:45:00,Buy
aecf9d45-bc8d-4dbf-b894-d5764fb2587c,272.421292,2732,2024-01-01 00:45:02,Buy
bc50abdc-26df-427e-b804-adb6b7b95552,984.215872,644,2024-01-01 00:45:03,Buy
4c6e777d-c696-464d-aaf1-40cb11c6a277,164.828099,3280,2024-01-01 00:45:07,Sell
4ef73a38-1057-43fe-878a-f0655673ee3e,376.711237,5876,2024-01-01 00:45:18,Sell
0e2a5a96-1d3a-4fea-8cc7-62724824846c,103.215150,5767,2024-01-01 00:45:19,Buy
904a9d18-1f60-4fd1-994b-21422e53a9ff,63.384091,1150,2024-01-01 00:45:22,Buy
45c27a6a-df4c-4306-8ac9-cef9096335dd,819.419824,6766,2024-01-01 00:45:24,Sell
d7240910-c40a-4a48-9303-99a0d394aa26,297.045090,7352,2024-01-01 00:45:28,Buy
5d920b37-7743-429d-b1cc-50b4d2778d43,87.519933,5778,2024-01-01 00:45:32,Buy
3460c06c-e16c-4f93-8652-11bf55cd71b0,660.446350,4631,2024-01-01 00:45:40,Sell
f4f4bf4f-e2d5-4f6c-973d-1672c6804d64,632.638230,9867,2024-01-01 00:45:47,Sell
62eba9ee-680e-412c-b7ed-8038d4f49964,406.429831,7097,2024-01-01 00:45:49,Buy
d1d7bdd5-4206-4a05-b9fb-fd15af571bfc,60.208815,1789,2024-01-01 00:45:59,Buy
33aef7ad-c705-4817-8b3a-e6b14f44804d,809.096996,4579,2024-01-01 00:46:01,Buy
90c675ac-96e1-415c-860b-6e4f5da4666b,629.929597,2032,2024-01-01 00:46:07,Buy
d9798376-1298-4bc7-a48c-773ae159e1d4,954.301935,456,2024-01-01 00:46:29,Sell
bd3743c7-aa7d-4255-b704-a6190b70935f,577.492265,4417,2024-01-01 00:46:33,Sell
e4157f96-d1b8-4f36-a939-8f92ab6dd66c,792.567283,2791,2024-01-01 00:46:46,Buy
d9fa9d97-fd65-4967-a94a-62a8aaf9fac8,975.980457,5725,2024-01-01 00:46:47,Buy
38ae8554-b77a-4a90-bd12-33d6411bf83d,262.083211,3570,2024-01-01 00:46:48,Sell
4339c86d-df6c-4806-9ec0-5251a146bea6,183.202591,3758,2024-01-01 00:46:49,Buy
e65fe65c-9e58-4473-87ad-a6a12306c0a2,447.566038,4584,2024-01-01 00:46:50,Sell
84643dc0-a48c-4f00-84b8-14967c47f106,650.338335,7930,2024-01-01 00:46:54,Buy
1bf3e2f0-f045-4e5e-925b-8be97cae9f24,432.171216,5156,2024-01-01 00:46:55,Buy
66fc0759-a86c-4f1b-add4-d0a797e9b178,580.210485,6460,2024-01-01 00:46:55,Sell
a2c0faec-8830-4fef-bfe7-2add85eb8c17,576.330161,1206,2024-01-01 00:47:02,Buy
6a2a3ace-a418-4965-b641-755dd07a2e3d,495.471872,4367,2024-01-01 00:47:02,Buy
6c61ac31-c488-45bf-9db5-2529cc275aaa,81.605378,1267,2024-01-01 00:47:03,Buy
98b938cb-57ba-4e66-88ba-2635d18b91bd,838.622336,8718,2024-01-01 00:47:26,Buy
e3ef49c7-b580-46fd-9db6-44c6bc664bff,646.328432,7862,2024-01-01 00:47:36,Buy
6d00d47b-93d6-409a-a63e-bd4528554a0b,2.234024,2643,2024-01-01 00:47:39,Buy
44be1b6f-0bf3-41fb-845c-578a03c1369a,659.102906,4339,2024-01-01 00:47:46,Buy
8e1cd078-4542-4d8b-ae1e-fd117c877235,998.664220,7081,2024-01-01 00:47:56,Buy
3969b758-5556-457d-aa55-6a49e259de38,496.798835,1997,2024-01-01 00:47:57,Buy
75b3b7d5-0291-48d4-a872-0a9be1fb0d41,620.813020,6707,2024-01-01 00:48:03,Buy
9bd3ce9f-746c-42ae-93ea-d164849181f5,804.937411,2933,2024-01-01 00:48:21,Buy
752050d4-91f3-49a4-bd53-9dbeabf81ed6,25.773794,9077,2024-01-01 00:48:27,Buy
28fdaf90-3e93-4fef-b3b1-2bed7c16f277,462.276627,8666,2024-01-01 00:48:39,Buy
28718d27-7f6f-4007-a3b7-82ed8543391e,296.776400,1325,2024-01-01 00:48:43,Sell
db99806b-22d4-4b83-81ca-b06f60849d37,790.290488,8785,2024-01-01 00:48:46,Sell
515eedf5-4b7f-4caa-b465-cc3aa32e98a3,292.445965,7243,2024-01-01 00:48:47,Sell
a3514f9c-1c1a-40c0-80ac-c018bc744aca,976.650013,3958,2024-01-01 00:49:02,Buy
72e2afbf-943c-409a-82e4-e943c708d47e,211.977832,8595,2024-01-01 00:49:02,Sell
92aa1a71-8276-42da-b0e5-658363f182b2,1.672039,3084,2024-01-01 00:49:04,Buy
a5b8c10c-cf3d-4dc1-85d3-e39a231eedd3,837.941307,260,2024-01-01 00:49:07,Sell
53e09a9a-beca-4e54-aac1-e4ac1a86c738,227.440821,264,2024-01-01 00:49:10,Buy
955a15c0-7983-4585-a5e3-8fb5be0542ce,793.192320,2184,2024-01-01 00:49:23,Sell
c875c02c-9c1d-4691-a24c-15c665475caa,792.154852,7627,2024-01-01 00:49:24,Sell
a60b80f4-ed24-44da-ad77-4783e55e34cd,347.712015,4179,2024-01-01 00:49:29,Sell
7f784962-8463-4b80-a1b1-4d6ca9e7d762,855.450386,2003,2024-01-01 00:49:35,Buy
587fda76-6510-4df3-ab33-2de69c55a4dd,804.739821,8700,2024-01-01 00:49:36,Sell
bbb46555-e11f-4dba-b4b4-89fff91da9b2,264.232632,7752,2024-01-01 00:49:56,Buy
97e8f4c9-5562-4d3b-8d99-fda10c6d90cd,320.715472,1768,2024-01-01 00:49:57,Sell
03f8f549-528b-44a6-aab6-095e244ec30d,803.508460,3772,2024-01-01 00:50:01,Sell
0e96c8eb-c3c8-45ea-b5af-b191a5ff739f,430.564913,3518,2024-01-01 00:50:03,Buy
9317dcce-d5bb-452d-a052-39588b5f1895,950.464299,6843,2024-01-01 00:50:03,Buy
c1884fb8-9089-44da-9c05-bb57f5d0314b,522.121943,8671,2024-01-01 00:50:11,Sell
661350e4-fde5-4aa8-95aa-9fd0a55f8fd0,951.928242,9875,2024-01-01 00:50:24,Sell
974415ed-47bc-4922-889d-63f90af03368,126.365308,7783,2024-01-01 00:50:31,Buy
f7f7ce03-afa7-49cd-afa8-8ad4c4c7cf7c,51.578822,464,2024-01-01 00:50:33,Sell
2f615d5c-d695-496e-8795-ae4afedba535,410.370848,4067,2024-01-01 00:50:41,Sell
96de63a2-1bb6-4242-b77c-d34efee3dc9b,655.327729,8890,2024-01-01 00:50:41,Buy
71a06565-456c-4c52-ab84-de1a0956e844,441.140008,3494,2024-01-01 00:50:47,Sell
b67a29c9-76ec-49f8-adb4-2690278d0bde,363.892937,6415,2024-01-01 00:50:48,Buy
2b69e38a-b55c-4860-93eb-d99f00d782ab,976.474924,7259,2024-01-01 00:50:50,Sell
2f2d1455-dde1-4f7c-86dc-2c59f71c5fba,407.540235,3156,2024-01-01 00:50:54,Sell
c1b49f5d-5e64-4be3-8d04-57a96351b2a7,531.057233,5333,2024-01-01 00:51:21,Sell
fd562474-273e-48c9-b40c-59c5ae17d551,191.273515,6610,2024-01-01 00:51:39,Buy
63b060c7-7c3c-4327-b855-de17aaf68f55,924.479591,118,2024-01-01 00:51:45,Sell
0ea32f72-d231-4922-b582-29a91cb01753,605.079094,658,2024-01-01 00:51:56,Sell
c5810871-1f56-4a22-93d4-785f621a1587,475.697878,9023,2024-01-01 00:52:01,Buy
d8f4f5ff-07a1-449e-bb5b-32fa6cff3ce1,287.605153,3513,2024-01-01 00:52:13,Sell
ad116fc3-3c73-4202-b24f-d9ea7cf86c6f,968.126051,256,2024-01-01 00:52:24,Sell
7b72b705-7428-466c-bdb8-a280ce2a20af,354.249886,7865,2024-01-01 00:52:39,Sell
95803dba-de30-47da-a5b2-9b15f33ad76a,962.879285,9787,2024-01-01 00:52:39,Buy
10519b9f-38b5-43a3-b55d-e570f4f4c718,257.377588,9264,2024-01-01 00:52:40,Sell
af415dc0-9b91-41af-a249-feb7a233508c,835.691337,3741,2024-01-01 00:52:42,Sell
2ddc968c-912a-45c9-bae9-197668931123,947.601350,2060,2024-01-01 00:52:44,Buy
699c346e-77c6-4783-86b2-1bcdda3250c1,875.814895,3541,2024-01-01 00:52:44,Buy
215cfeba-fbd2-4d11-b2fa-78809c50e2dc,648.984830,7778,2024-01-01 00:52:49,Buy
a286fed0-fdf9-4d73-9f4c-65aa092cc392,32.477850,4831,2024-01-01 00:52:55,Buy
47b9278f-77e9-4e7b-87de-425bec6c5831,615.764368,9214,2024-01-01 00:52:56,Sell
013b6473-176a-4235-ac57-62453e44bef9,570.742740,8881,2024-01-01 00:53:07,Buy
265de5d1-54b8-4e8b-9d7b-4aa7398dcffe,891.702909,2140,2024-01-01 00:53:15,Sell
2b3d971b-3bc4-4344-b596-e7ca6a920a27,996.905825,4876,2024-01-01 00:53:36,Sell
cf408738-5964-4ed8-bd70-da81690cd7e3,172.713418,3441,2024-01-01 00:53:38,Buy
c4074405-b512-40a8-b2e2-be4a56b9f5ea,488.905736,7824,2024-01-01 00:53:40,Sell
4829cafa-cc3b-4401-bab0-27f3ce8b2418,9.085145,8458,2024-01-01 00:53:44,Sell
7af12dcb-e01d-4a03-9253-bfc2bb52b527,128.770643,6978,2024-01-01 00:53:45,Sell
93f720d3-e087-41c1-80a1-9f55c63f1034,838.443878,1747,2024-01-01 00:53:50,Sell
6882056c-1404-4e75-964e-af843830727c,267.056023,5475,2024-01-01 00:53:53,Sell
5459d1ed-ce45-4a19-9e2d-e5bfbe281dc0,517.976708,7478,2024-01-01 00:53:59,Buy
5b39a7ec-cb35-4755-95c6-ce78fd377c11,780.470639,2153,2024-01-01 00:54:17,Buy
128b5154-4379-4c06-b9a3-f4cf4a5c1aa0,277.331750,9602,2024-01-01 00:54:21,Buy
115fb85c-a10a-4381-8ce3-74405f2c3b47,657.357083,6238,2024-01-01 00:54:27,Sell
d66ec928-6832-4095-b73d-6bbfd7724698,277.204775,4715,2024-01-01 00:54:28,Buy
540a2cb5-5edb-4e0e-9d74-fab080f8e876,304.705174,9569,2024-01-01 00:54:34,Sell
b63230f2-da3a-4294-906d-05cb787f5489,274.382521,7163,2024-01-01 00:54:35,Sell
35a3a089-e8db-4595-ac50-2bee6b769024,606.171958,3007,2024-01-01 00:54:36,Sell
65a1af4a-ef5f-46f2-924f-7f8b0b256347,848.657830,432,2024-01-01 00:54:37,Buy
8a25b896-4cab-4de0-b72a-6937f4e57ce2,534.292125,7332,2024-01-01 00:54:42,Sell
2662b0c0-1e96-4760-9baa-f6268bf5f9c3,241.025432,6070,2024-01-01 00:54:55,Sell
ab846c82-f95e-48a2-b5a4-2e90453486ea,559.344183,8203,2024-01-01 00:55:06,Sell
dcfab9c1-048c-48c2-82e6-8e14b217e953,60.690057,1145,2024-01-01 00:55:12,Buy
d14b1dd0-6b6e-4a0b-8299-6a2ac3b7ec59,397.672386,3228,2024-01-01 00:55:21,Buy
d8da09ec-7426-4a67-82f5-46347ea04370,275.605771,2218,2024-01-01 00:55:25,Sell
460b5a33-4023-403c-a8b5-49783150f937,577.011165,3834,2024-01-01 00:55:34,Sell
54b759a6-08ec-4efa-97c5-3129d2d19f5d,830.942840,656,2024-01-01 00:55:41,Sell
a3181f81-6d7c-4d0f-be18-a0c8f33b1a94,388.828232,7105,2024-01-01 00:55:45,Buy
b3db100a-e07c-43d7-b0b5-46d427bd6329,276.598009,6790,2024-01-01 00:56:01,Buy
f5d6adf4-60fb-4031-8758-cade839c27e9,13.439954,6594,2024-01-01 00:56:09,Buy
656655ac-e806-497c-b8b4-3d589e4fa9f8,994.290616,4496,2024-01-01 00:56:11,Buy
79647eb2-5877-4061-b91f-6a3232debfdd,297.426726,2498,2024-01-01 00:56:36,Buy
cf776df5-7002-427b-be1a-2161b0c3c1cf,706.669115,9964,2024-01-01 00:56:42,Sell
faf8fc01-fd14-4bc8-8cde-9d343b87438f,933.010076,4602,2024-01-01 00:56:52,Sell
28f709e8-bc11-4136-bfb1-29c1ad2fcac3,504.937757,8918,2024-01-01 00:56:55,Sell
93f701e3-cfed-4c26-b1bc-99e92948876d,386.655098,8924,2024-01-01 00:56:59,Buy
fa43e710-3a1a-4a08-ab8d-5167d0c69a56,244.848306,1432,2024-01-01 00:57:02,Sell
e8eef7eb-3e7b-416a-b754-04f40cb9c830,279.124624,5107,2024-01-01 00:57:16,Buy
a3463b49-d838-4e61-a602-04e49edda44c,51.656632,9479,2024-01-01 00:57:18,Sell
e483e317-c669-4fb5-a25d-9fef574d3f65,719.208019,674,2024-01-01 00:57:29,Buy
f91c9511-e10d-4877-aaea-c3b3be611a87,547.619440,1349,2024-01-01 00:57:36,Buy
560362bc-d09f-42fd-abaa-e98148bab6b7,862.892227,6040,2024-01-01 00:57:37,Sell
4230b535-a249-4049-a5ba-cddafff3c993,849.833378,4430,2024-01-01 00:57:38,Buy
d376c7c5-94de-4eb0-a1e2-dde2e14e7d08,695.418798,9480,2024-01-01 00:57:39,Sell
beebb347-8913-4775-b3f3-172657e5b402,94.709372,2486,2024-01-01 00:57:47,Buy
7a20340a-0047-4de7-ac68-bd6d3553fc37,936.612598,6615,2024-01-01 00:57:49,Buy
2e39472e-4b59-40ac-9634-eb53efd3221c,620.624635,2147,2024-01-01 00:57:51,Buy
3992abfd-7011-4fa6-a74b-cc9c6bbbf7b4,598.363193,6147,2024-01-01 00:57:54,Sell
389f688b-b3bb-4f37-af40-d76bc8998b43,251.342863,834,2024-01-01 00:57:58,Buy
4ab45fa1-5c87-497b-906d-0c982f030bc1,206.893250,5568,2024-01-01 00:57:58,Sell
2d05176a-1991-4129-a344-f3e1277a5a5e,105.574565,3475,2024-01-01 00:57:59,Sell
133c0294-a038-4a8c-beca-8149fb9b0fc1,961.039953,2547,2024-01-01 00:58:06,Sell
a877dd06-67d1-40b1-af74-6acce3b15a3c,934.622428,9607,2024-01-01 00:58:07,Sell
56535d3b-dd84-486e-b282-77e279261cfd,463.206076,7723,2024-01-01 00:58:11,Sell
3ff2029a-2448-42ed-9c43-97c9a9c893d8,931.780758,163,2024-01-01 00:58:14,Buy
d41758e7-fde1-4309-b74b-466eb1bf9a6e,278.105831,1519,2024-01-01 00:58:28,Sell
6dcd1ac3-c22e-4ef6-882f-f8394e91b11a,588.184688,1789,2024-01-01 00:58:35,Sell
7b539334-cf24-4e82-a6c9-43ee10b0656b,67.980526,1216,2024-01-01 00:58:39,Sell
0de60adf-78eb-454e-9e76-b1b01796f6b6,858.966814,5023,2024-01-01 00:58:41,Sell
7668581f-b24b-40aa-b0f6-6c7721fcfdc9,927.034605,7990,2024-01-01 00:58:42,Sell
24397ebf-677b-45ab-9cda-23506e71ffb3,745.668995,9023,2024-01-01 00:58:45,Sell
d648eb64-95b3-4908-82bb-8687a126e802,16.789498,6136,2024-01-01 00:58:52,Sell
35f2fb96-29e9-49a5-9921-6ce0482cc0e1,246.923662,4980,2024-01-01 00:58:57,Sell
f0d0275b-010e-4162-a309-8fd4e8f066ec,203.232076,6048,2024-01-01 00:59:02,Buy
e6a693fa-34ae-4ac8-b457-b811261ce9a8,501.345442,2307,2024-01-01 00:59:18,Buy
226a9b9a-0731-43c2-a368-a4385fe93591,490.053687,5220,2024-01-01 00:59:34,Buy
c0ad1c6f-d625-4a9e-b027-e739bff7c746,678.791627,7409,2024-01-01 00:59:49,Buy
c592e1a7-4744-4432-aa2c-374503ff20f5,862.559799,9913,2024-01-01 00:59:55,Buy
e6a123f1-b84a-4934-beb5-d264cdd434a5,513.685476,9321,2024-01-01 00:59:58,Buy
4607336c-09c0-4070-bb23-3775e78f7193,217.267802,173,2024-01-01 01:00:15,Buy
1f72afea-fe10-47bd-9f69-7353b69fd4da,839.398490,7322,2024-01-01 01:00:21,Sell
fafe7e30-fb9c-4d09-98e2-4370acbe2855,699.072252,6108,2024-01-01 01:00:23,Sell
cb18f3a3-e4d8-43ac-983c-ae192a38734c,749.178110,2510,2024-01-01 01:00:31,Buy
d8d3990d-6e1a-4e73-b74b-9d9ddedbfb39,764.548669,8353,2024-01-01 01:00:32,Sell
a50dd673-d92a-4f82-a6f7-6ae3ef96bfa6,512.497537,3761,2024-01-01 01:00:34,Sell
2f704379-c69b-48bd-89d0-452bc3b5b19e,39.135330,1478,2024-01-01 01:00:39,Buy
14a2df0d-f18f-41a4-9e91-0b4c95971f27,232.230894,2490,2024-01-01 01:01:01,Sell
cce833f8-4fdb-4d40-b5b9-f2c0fef9fdb2,601.923429,7653,2024-01-01 01:01:02,Buy
4aacee31-88b1-4e12-8e8e-ab7c1cf72799,812.756560,3360,2024-01-01 01:01:04,Sell
3a4a0691-b621-4eee-bdea-59544235b3ef,260.455091,9803,2024-01-01 01:01:17,Sell
dd3708b1-822b-410b-a121-156b03cdfb2c,990.593070,2189,2024-01-01 01:01:26,Sell
97ffcc36-e93b-4d95-956d-16cef82b64ec,938.065234,6287,2024-01-01 01:01:27,Buy
98f0a12d-9af8-4e83-93b6-35443ca7462c,652.806527,4390,2024-01-01 01:01:28,Sell
3289caf0-a582-4ee5-94ef-f879788f8adb,886.808759,2385,2024-01-01 01:01:33,Sell
c25cb9ad-b643-4041-abbd-33554ec48a12,660.788769,4746,2024-01-01 01:01:36,Buy
c3fce1e5-39b3-4db7-90f9-202efbdf900c,838.381590,1675,2024-01-01 01:01:38,Sell
4167498f-d1f8-4cc9-a890-85c8aa9509ac,481.436356,6667,2024-01-01 01:01:38,Buy
d17d97d7-f44a-4f1e-8b6b-e4b3491d59a1,388.789738,2782,2024-01-01 01:01:44,Buy
528192fb-d4ed-40a4-b4c5-2d27d81eab16,975.446351,7777,2024-01-01 01:01:46,Sell
c273e2a9-5107-424a-b82f-1f85bf68dd01,132.978447,6349,2024-01-01 01:01:52,Sell
d5b2f0c5-abff-4181-8a8f-11533b3537b9,581.848063,3538,2024-01-01 01:01:53,Buy
5e0e37f4-9099-4192-ad0f-81f5a6a0dd1e,275.645735,8223,2024-01-01 01:01:54,Sell
b06a7669-ef9a-482e-b225-a3d466268360,652.228371,6466,2024-01-01 01:01:55,Sell
212d9360-93cb-403b-8668-4484985c02d4,857.726043,258,2024-01-01 01:02:05,Sell
589c603b-e2b8-45e4-a02c-2dea799b24f1,551.500936,9073,2024-01-01 01:02:06,Sell
d05252b9-263c-4bb9-85a6-9df6c454a5a9,126.097308,2497,2024-01-01 01:02:09,Sell
2e31b301-5545-4fa8-863b-1148dc5ffd66,96.805676,4625,2024-01-01 01:02:16,Buy
ef257d6b-e3f1-470e-a374-e4a38f5eb66d,976.287305,3796,2024-01-01 01:02:20,Sell
d0010ef9-ad93-4352-bc5a-7e615338cb03,109.608750,5414,2024-01-01 01:02:23,Buy
85661b3c-bd76-42f9-aaa9-d6baa41316f1,171.637594,1173,2024-01-01 01:02:33,Buy
b819eca7-cc62-4633-9dad-11e613e15ba6,281.198779,708,2024-01-01 01:02:38,Buy
587ce894-12a0-400a-a5e1-e96dc5f1a4e3,641.831804,8713,2024-01-01 01:02:47,Sell
77a17870-ada1-4f84-a47a-4bbea95c679a,983.952061,4515,2024-01-01 01:03:03,Sell
281222b7-1b0b-4c1a-a69d-fc58c338b76a,736.042393,259,2024-01-01 01:03:11,Sell
6effbb0d-5a87-46ad-bdf8-6e37f5c6c2ff,554.927176,4534,2024-01-01 01:03:20,Sell
546e2092-578d-4225-a76e-facecf268b79,910.633576,9577,2024-01-01 01:03:26,Buy
e8805b49-14b2-42c1-b1c8-6c60dd3416cc,332.064108,6868,2024-01-01 01:03:38,Sell
d4c07372-33ef-4858-9e8c-209c3a83a7fd,427.500096,7044,2024-01-01 01:03:38,Buy
4746a9cb-8e85-4079-b150-213b3ed7508f,377.312675,7949,2024-01-01 01:03:56,Buy
d648c62e-a569-47b5-ac9f-dd1aed22a484,539.885625,7732,2024-01-01 01:04:06,Sell
236a1d2c-a234-4882-abc8-a407226cfa97,6.002450,8717,2024-01-01 01:04:13,Sell
48d21e81-76e1-4f76-94bb-3aa12ea8849e,720.308960,3184,2024-01-01 01:04:15,Buy
9241a403-e970-4984-8958-c4593937f802,995.739288,1598,2024-01-01 01:04:20,Sell
c1ecbc77-0619-4aea-aeec-93d693130024,893.927294,3415,2024-01-01 01:04:36,Buy
0771f500-0272-4076-ae16-ff4e40ea3e35,942.389845,3186,2024-01-01 01:04:38,Buy
c7e36d6c-ccf8-4141-aa80-9fb85b9b2023,616.167560,2243,2024-01-01 01:04:43,Buy
e954b057-070f-4d85-8c2f-f5c175d40cf5,411.807570,8818,2024-01-01 01:04:45,Sell
a9f4cf72-a15b-4699-b193-e3a9a6d4fdcf,744.919126,1811,2024-01-01 01:04:54,Sell
ded5e6f3-48b8-4921-82ff-199ffa1f1323,685.355199,8280,2024-01-01 01:04:56,Buy
6432aedc-b0db-4e9f-bce2-994c61351d83,267.107268,8447,2024-01-01 01:05:06,Sell
7bd2e4d4-6e9d-4c9d-bbfe-2011217ba6cb,552.620409,3214,2024-01-01 01:05:08,Buy
a9ef86af-32b8-45ae-8227-6a647c14255c,416.091987,7247,2024-01-01 01:05:19,Sell
7d380d5a-6c1d-489e-91bc-ff46f41a4f70,777.185696,8513,2024-01-01 01:05:22,Sell
b6add1d6-e171-455d-a83c-6d59577c3daf,411.650340,7860,2024-01-01 01:05:30,Sell
9ee27973-2b64-40bd-b00b-d39cec2b8f7e,295.819449,9986,2024-01-01 01:05:32,Sell
0f17f0da-82e3-486b-9c57-49d30eb4d30a,456.535128,8316,2024-01-01 01:05:33,Sell
ceb0ab29-a74d-47d3-84da-fddfc3c3c4eb,270.923077,6815,2024-01-01 01:05:34,Sell
4ea68321-1a12-4a7d-b8e1-a8e4477fd287,43.744629,2340,2024-01-01 01:05:38,Sell
6b2d62d2-80c8-429e-a961-f1bf4f7d8bea,51.716103,3585,2024-01-01 01:05:40,Buy
85da138f-7304-4dd2-b908-79fe5ab84f1b,573.379695,6974,2024-01-01 01:05:47,Buy
13bc7208-8ef8-4851-b0d3-4dc23737e3bc,334.944004,9811,2024-01-01 01:05:57,Sell
060e4f07-f398-4238-b475-1e5e46900857,520.956431,1716,2024-01-01 01:06:03,Sell
e9f33af8-9eed-46de-891c-aabd12d0150a,2.518574,3342,2024-01-01 01:06:12,Buy
659ae91e-f8aa-44a7-97c6-4c09c8f5c093,128.287233,4761,2024-01-01 01:06:17,Sell
25721caa-4c17-48b5-ac72-bfb702e84e09,937.342109,1766,2024-01-01 01:06:24,Buy
9d626be6-5e5a-4b8e-be53-871319018b32,885.579759,1344,2024-01-01 01:06:31,Buy
e5c64c1e-fcd1-474b-b013-5516d571412e,660.014505,6813,2024-01-01 01:06:42,Buy
2691be2b-e2c6-4d3f-a2d7-ad9309da5297,908.125057,5679,2024-01-01 01:06:49,Buy
bdf4cb43-55d9-40f7-94b3-2b5aec13b990,169.460703,4390,2024-01-01 01:06:52,Sell
77c089d7-a3d2-495b-ab2c-7a77ef536cd7,207.015445,5937,2024-01-01 01:06:58,Sell
84af9128-5d4b-41de-8af8-eb00d4120dc3,491.265408,8451,2024-01-01 01:07:11,Buy
251d1eb3-7c2a-4dc3-9040-71ad252164d2,441.752086,9189,2024-01-01 01:07:14,Buy
f4db157e-7ec8-4a4d-836a-02f9f17ef1d3,739.645595,1614,2024-01-01 01:07:15,Buy
926b0c91-a4c8-4af2-bc3b-6ee58ae7fa6b,759.890719,704,2024-01-01 01:07:29,Buy
7dad8e3e-8eda-494f-947a-8d634e60f0c6,787.150560,719,2024-01-01 01:07:29,Sell
e409cd03-2a74-4f4a-ae44-be921a775e47,871.470013,1308,2024-01-01 01:07:46,Buy
832fbf7e-1255-4b20-a165-c17bbd51f015,903.542474,7659,2024-01-01 01:07:46,Sell
63a7a858-4dad-441c-a02e-35547579d131,56.258069,2315,2024-01-01 01:07:55,Buy
51d9b916-6876-46d6-8dbd-7697e6cf6286,653.190179,8073,2024-01-01 01:07:56,Sell
184aa724-c620-48ab-a1ec-a47eb73f439c,950.500740,5155,2024-01-01 01:07:57,Buy
ee09485f-9be7-4664-9a49-e71c53f5e323,223.937596,7004,2024-01-01 01:08:13,Buy
e7ae2c43-a3cd-4eb0-bb9d-9cebe0a0709f,198.391577,3589,2024-01-01 01:08:19,Buy
36202d8e-3b35-4936-9302-ce43c8e929b8,864.129803,4279,2024-01-01 01:08:24,Buy
4bf7f6a8-1c02-4651-8589-b0cd489b7a49,305.356959,13,2024-01-01 01:08:38,Sell
6225a60a-0612-4687-b1f1-0abd47951ac3,613.049369,5919,2024-01-01 01:08:47,Buy
46bbf16c-d2b7-4938-9b8b-b02a581a9693,372.025609,7016,2024-01-01 01:08:49,Sell
3a904bf2-10cc-4582-b7ea-8906e4ec9ad5,280.280107,6834,2024-01-01 01:09:16,Sell
1a0cb5fe-4984-4df7-90d3-c6d57cc7d3a0,591.787182,1170,2024-01-01 01:09:20,Buy
e090a230-8573-4987-b34e-d7715409357a,246.842862,3865,2024-01-01 01:09:48,Buy
6e07c9b0-95ac-42c4-9b23-7cdd3c7d7ef4,104.487403,2054,2024-01-01 01:10:03,Sell
9b95dc12-f16c-482a-ad20-57c2be3dc21e,302.891023,4523,2024-01-01 01:10:13,Sell
ca0956e8-3a17-4f68-acfa-bc5ff3f903f9,51.941351,6403,2024-01-01 01:10:13,Buy
ed3abb7e-e347-472e-ae37-60912111a521,63.216649,7781,2024-01-01 01:10:17,Buy
7012b868-16ff-4bc4-ade9-8a402a2cac63,237.690970,6391,2024-01-01 01:10:26,Buy
d8c2703e-8398-49fb-8f76-719007c3018e,793.361135,8828,2024-01-01 01:10:32,Buy
c3cbe4e3-c914-4566-ac5c-135f3749bc18,972.427343,3720,2024-01-01 01:10:38,Buy
2a68966a-24a7-459c-bf9d-795181c935f3,791.101713,4039,2024-01-01 01:10:38,Sell
c14e8709-3ee4-45f9-8b0a-83efdc17c210,720.844055,2301,2024-01-01 01:10:46,Sell
995a98f7-3a3d-4fbb-9186-6c5dff0ec7a5,639.759873,8742,2024-01-01 01:10:46,Buy
084b302e-ef11-4568-8d45-2016b395e378,698.303481,3211,2024-01-01 01:10:47,Buy
fd0cef3b-62d2-4142-b583-eb946d407bda,418.345772,8622,2024-01-01 01:10:49,Sell
00885169-2f42-4d90-ad6e-9f76327fa0d2,507.836745,730,2024-01-01 01:10:54,Sell
4bda5e0d-2679-476b-a4fa-67c9ed0bab93,335.540281,4585,2024-01-01 01:10:57,Buy
7afb3a8c-dee6-4ea2-82fb-8cdb2f7c054a,358.375780,514,2024-01-01 01:11:06,Sell
e12fd2fc-edff-4d54-9fe8-8f266597ad3d,765.705032,8203,2024-01-01 01:11:15,Sell
168faa11-3e7c-4539-8126-1866a2f28c99,110.039175,5537,2024-01-01 01:11:18,Sell
6915cabc-74b2-47d2-996c-e8afc99bc44d,197.998112,4730,2024-01-01 01:11:33,Buy
3d59d730-1d9b-4781-a21a-278dc9b87be4,313.001242,8813,2024-01-01 01:11:46,Sell
a9e8e1db-1251-4e50-a719-da22ae5f0b1d,319.157492,4542,2024-01-01 01:12:12,Sell
6bfeeb35-8818-4ca4-b3bb-43dfb494853d,145.123748,6784,2024-01-01 01:12:27,Sell
f9226383-1433-4901-b802-3df46bbf826a,880.651528,2978,2024-01-01 01:12:53,Sell
27188485-f78d-4695-8ecc-75de5397dafa,327.874590,7918,2024-01-01 01:12:56,Buy
118bc5c2-772a-4155-87cd-1fc93142e370,805.162824,2913,2024-01-01 01:12:57,Buy
3f9ae542-c121-4050-9e7a-c61bf7f2c8ee,271.162977,9085,2024-01-01 01:13:19,Sell
39e3d2cb-607b-4129-b309-f8290e9b1066,853.270833,5988,2024-01-01 01:13:20,Buy
592dae3d-b64b-47b3-be88-7e39e89e6566,57.877887,452,2024-01-01 01:13:21,Sell
f825b0b3-a6d9-4d7b-aed7-6c823b0a346d,912.130123,5591,2024-01-01 01:13:21,Buy
aa462542-eced-49fd-be58-37f36f2a853c,762.087117,6784,2024-01-01 01:13:21,Sell
9bb10868-b43b-488e-af5a-a8843892e458,593.612865,2292,2024-01-01 01:13:31,Buy
4a62ffdd-e334-4363-b230-ee32d1f22eed,669.704698,6621,2024-01-01 01:13:45,Sell
9627073d-ca93-4c4b-ae16-7e21031beec6,189.542844,4749,2024-01-01 01:13:49,Buy
62661ce8-2727-4bce-85e7-e92c92a0ba4f,552.984152,2985,2024-01-01 01:13:55,Sell
19662fe3-447c-4dbd-bcb0-887f610d3ec9,805.295320,4483,2024-01-01 01:14:23,Sell
62db1944-21c9-4761-abda-0d67759cc448,863.022303,1208,2024-01-01 01:14:30,Sell
e303532e-19a9-4ae5-a6fa-c1b2fa89257a,136.023985,9418,2024-01-01 01:14:40,Buy
4c197a01-dd2f-44c1-87b9-26986e78d337,458.785965,9621,2024-01-01 01:14:41,Sell
386cd0e7-fec3-493e-aa59-52c372052669,27.779007,113,2024-01-01 01:14:52,Buy
d83b8ca6-b569-442a-a08e-fe0725cb5e80,681.582335,5493,2024-01-01 01:14:58,Buy
c34ca81f-6e20-4a2e-a957-91fe7dcad52f,974.828650,1363,2024-01-01 01:15:17,Sell
7535d28d-c558-4d4c-8900-e8655c47db68,610.526109,9875,2024-01-01 01:15:19,Sell
fc675153-be2c-44c6-a428-dadb4ce5c9c6,15.488016,8081,2024-01-01 01:15:22,Sell
451fe0c9-acfe-4afa-b4a4-fb6a4248b983,994.137207,3165,2024-01-01 01:15:26,Buy
7edf704a-33a4-43ae-8227-8d3913b45684,380.671268,9005,2024-01-01 01:15:28,Buy
c78b6419-3df2-464e-b66a-84c8e26d75cc,523.607002,8757,2024-01-01 01:15:32,Buy
1f7193b1-0b4c-46bd-afec-6b48a1971555,403.067227,7854,2024-01-01 01:15:34,Buy
f807df40-8227-4e46-b684-0e77868b2463,745.724778,8008,2024-01-01 01:15:41,Buy
975b9561-a83a-4101-ad4e-f56ab5febf59,242.490646,2741,2024-01-01 01:15:52,Buy
74a2c0b7-38c3-4b38-9ee3-416d6c72c3f9,327.279134,2247,2024-01-01 01:16:05,Sell
810d18c0-2c1c-4221-b206-0fa3f1f45df1,821.253844,8036,2024-01-01 01:16:27,Sell
5b87b5c1-e59d-4353-a34a-31716ebf32aa,821.377874,9099,2024-01-01 01:16:49,Sell
2e1da2d4-9687-465d-94db-3935e226dd3f,413.998789,7051,2024-01-01 01:17:04,Sell
5d192350-7b2d-47e7-b9d7-12473a138ae3,264.192793,6253,2024-01-01 01:17:09,Sell
7095af52-52ca-4177-842f-a2fd086f2664,263.272452,8156,2024-01-01 01:17:10,Buy
59dfef87-a0f6-46b0-a9ca-ed140e9e3b43,751.685832,4723,2024-01-01 01:17:13,Sell
879f64f6-46e3-43a0-9ed3-13e903e5a2f0,904.496474,4842,2024-01-01 01:17:16,Sell
5e00efd8-1432-4844-adb0-d973d3e73e1d,798.489378,4157,2024-01-01 01:17:31,Sell
bf11e125-fe02-47cf-8b83-5d7b3fdb780d,380.743526,3371,2024-01-01 01:17:34,Buy
acdb005f-f387-41c0-ac70-cec1752c25e8,838.958973,6308,2024-01-01 01:17:37,Buy
ce2b9e17-f2ba-49fe-9efe-3e89e07c2324,775.188608,2676,2024-01-01 01:17:52,Buy
722ca016-9efe-4113-b1ac-14c2594e4e27,165.689529,3272,2024-01-01 01:17:56,Sell
a3f38cab-4f23-48a0-b746-cbdc98bd347d,321.789998,1271,2024-01-01 01:18:18,Sell
09d599eb-e2a8-40e6-aae2-d4cd0697fd8e,209.477137,1983,2024-01-01 01:18:35,Buy
c9eadc39-a89f-42c9-bc6d-782a9071d85b,291.514441,1875,2024-01-01 01:18:37,Sell
0fb7c49d-89ab-4a79-9353-3f71923aea4a,574.449279,5775,2024-01-01 01:18:41,Buy
1e633734-46f7-4a52-9dd0-3a0045f4890a,667.600985,4902,2024-01-01 01:18:43,Sell
56397f4d-ff3e-4323-9a43-22b6edc683ba,924.498144,7470,2024-01-01 01:18:55,Buy
0ce07a09-3cb1-4c88-83dc-7261be4b75d9,309.266978,4779,2024-01-01 01:19:01,Buy
dfa34c59-dd59-4acb-b0b2-5928e56864ce,180.866345,31,2024-01-01 01:19:05,Buy
c6bb814f-d8d1-4fe4-ad1a-f73d106d80f8,136.979995,5818,2024-01-01 01:19:16,Sell
02e0cf6f-cf9f-4581-a695-fb9ff29a347f,210.896564,6170,2024-01-01 01:19:24,Buy
47edad93-041b-4cd4-955b-80a88428c408,638.957809,557,2024-01-01 01:19:27,Sell
850e7cad-58e1-4c26-be83-306967db80a9,477.332487,2403,2024-01-01 01:19:34,Buy
03c200ae-3c3e-48ce-b849-60fba3cfa6e8,272.217678,4219,2024-01-01 01:19:36,Buy
59aafcfe-feeb-4849-a8f2-d71c272bc3fc,361.436072,5248,2024-01-01 01:19:37,Sell
f3e3ec73-854b-4879-9256-b7f71cb31986,176.271852,4920,2024-01-01 01:19:45,Buy
ae41b31f-2532-4c2f-a37f-148b0215bbbb,59.669441,912,2024-01-01 01:19:58,Buy
d53fac51-0083-4111-a127-309d3df8e8ad,202.603285,3201,2024-01-01 01:20:18,Buy
1112e171-6ba3-45bc-a06e-58da870260fb,845.868921,7888,2024-01-01 01:20:19,Sell
0992116b-bddd-4061-bbfd-6947076cf095,508.667051,5070,2024-01-01 01:20:26,Sell
e24dcecd-f315-4c1e-8ea4-050ef50c3333,840.048214,8705,2024-01-01 01:20:31,Buy
4f6f16ab-922e-411f-8f94-97d951d3d8c8,333.991317,4207,2024-01-01 01:20:34,Buy
f83122fb-deb2-4eab-9fd0-38d6fb32b3da,584.859099,3416,2024-01-01 01:20:39,Sell
e5a81bf6-2801-4182-8c5b-26f912abd07c,942.114655,6687,2024-01-01 01:20:39,Buy
31fdd839-9ee9-4873-952c-aa5f838ef224,156.537614,6709,2024-01-01 01:20:41,Buy
62325378-f073-4307-982f-370a9e555fd7,248.534206,1295,2024-01-01 01:20:43,Buy
4d4e4749-202e-42c2-9e01-be7ea0a5bf0d,788.287497,1100,2024-01-01 01:20:45,Sell
01f350d9-3282-427f-aa8f-718d2eb0cdea,263.213384,1057,2024-01-01 01:20:46,Buy
30e9612c-1a7d-41bd-8984-31a2900084d4,749.711069,4006,2024-01-01 01:21:03,Buy
ec0f7725-4e9d-4ccf-b652-55aa9a0f4c65,548.522471,3927,2024-01-01 01:21:16,Buy
e008ef2a-1577-42ae-8a5c-61fa427b9a39,410.461415,9774,2024-01-01 01:21:17,Sell
3b0945e8-3c06-4b0f-a8b4-0696892b5846,643.565445,3574,2024-01-01 01:21:21,Sell
a37040c5-2644-4f8f-8bdf-0ad11c330206,147.010829,6577,2024-01-01 01:21:33,Sell
0d9044bc-d1f2-4153-b987-c8a9387d4e8d,518.578420,6924,2024-01-01 01:21:45,Sell
617b7e9b-724b-4d35-9d48-30749613a970,436.125929,171,2024-01-01 01:21:57,Sell
24f72512-7c44-47bd-8e09-a7999b1fd9a9,543.004724,6807,2024-01-01 01:22:02,Buy
b2c9ae59-4e68-4af3-9827-ff52c76b8e0e,284.210092,5443,2024-01-01 01:22:04,Sell
8798cbaa-c8e3-487e-914d-b1370a864a1c,159.215042,4959,2024-01-01 01:22:05,Sell
47e8d876-428e-44d1-b3af-36149ca5703d,0.690063,8497,2024-01-01 01:22:12,Buy
716ee88d-d471-41c2-9969-1498cb7a2044,786.177685,2617,2024-01-01 01:22:24,Buy
8cb90a90-d8ce-45a1-b9c4-9c30acee11b0,210.348613,3401,2024-01-01 01:22:27,Sell
de557f8a-5733-44f1-9060-723ea02e7363,32.191016,1350,2024-01-01 01:22:30,Buy
1715b55c-aa8e-490b-920b-cf790041ec99,507.649291,3670,2024-01-01 01:22:33,Buy
d87ae924-6d94-41b8-b98e-1bf076b0dbbd,103.264635,1516,2024-01-01 01:23:10,Buy
c62d2bc4-9dbc-40f8-a0f1-c80fce3fc2a7,461.096664,2171,2024-01-01 01:23:16,Buy
fc5ae571-ae78-4bdf-8ccb-bf0d084c17b7,457.336658,5759,2024-01-01 01:23:22,Buy
c5626aa0-b1c7-4b38-b868-489b208d690e,26.705601,2509,2024-01-01 01:23:24,Sell
3011dbc5-623f-478b-a14c-475b1a1a5073,597.370422,1037,2024-01-01 01:23:29,Sell
acfc3ea4-0eca-4e06-a61d-e873c4b0287e,541.360064,8468,2024-01-01 01:23:30,Sell
38c2c8fa-71b3-4baf-9ffa-0054ebba440f,783.014854,5864,2024-01-01 01:23:31,Sell
ea5d2fb5-695b-4262-94dc-771dcf21d879,435.241605,7573,2024-01-01 01:23:34,Sell
2f4ac3c0-fcd9-449e-9c0e-733acb62b843,585.717097,2742,2024-01-01 01:23:52,Sell
0311d72d-05b6-4b4e-a1db-ccf9a2f2a080,436.642265,9170,2024-01-01 01:23:55,Sell
ecbb34a9-2831-4d2c-a83d-05954004f693,548.181876,7200,2024-01-01 01:23:59,Sell
28294ccb-c9f0-4bde-870d-50eb6f47dfb6,138.466528,2544,2024-01-01 01:24:08,Sell
72e8ee2e-1553-447f-80c9-1e912c08b12f,52.024000,7646,2024-01-01 01:24:10,Sell
a55b90d4-c3b4-46be-8aba-758a7d2edf73,954.872125,4327,2024-01-01 01:24:12,Sell
7ba8c3ee-6cd0-4f17-ad61-ab501f273940,457.448799,2665,2024-01-01 01:24:23,Buy
3bfce9c6-1fc2-4e97-9278-e817feaec840,46.797150,2096,2024-01-01 01:24:43,Buy
04e1b2e1-e544-435c-9439-d2abaf313804,516.766613,3791,2024-01-01 01:24:46,Buy
763fbac0-ccab-4a05-9a51-d1583ab5a1f5,199.623080,911,2024-01-01 01:24:50,Buy
4eab0514-047b-4028-9051-0c66c4fca9f4,997.368801,7920,2024-01-01 01:25:01,Buy
95998cad-4a7b-4bfe-ab13-0187e1977693,157.865273,9676,2024-01-01 01:25:04,Buy
9ac32739-9c32-4fcb-8cea-2da4ea757fd8,33.932583,8076,2024-01-01 01:25:05,Sell
7ac3c4c2-adea-4a87-8267-7ed3d1d45320,684.907261,8582,2024-01-01 01:25:20,Sell
cc049168-4361-4485-9a40-0a623e1fef9e,683.237958,9457,2024-01-01 01:25:22,Buy
ea427ef2-68ef-4c63-a2e0-016db3c3bd71,205.426577,8701,2024-01-01 01:25:44,Sell
50754fa3-e3fa-40e7-8d38-60f6b595d460,977.103684,1965,2024-01-01 01:25:57,Buy
94eebdd2-b401-4c3f-a490-070c95e5bae2,0.374430,4638,2024-01-01 01:26:04,Buy
2ee0d7ba-9c73-4182-af5e-07d241e1b538,299.246334,5302,2024-01-01 01:26:10,Buy
dee396d5-f817-4cdb-89d4-463eef110bd7,651.183704,9653,2024-01-01 01:26:20,Buy
c320d3de-bad7-418c-b51f-8e894ca4bb99,35.238085,6559,2024-01-01 01:26:27,Sell
68768c39-1f5e-438a-90d2-0d20f6ade3fa,461.711067,9124,2024-01-01 01:26:27,Buy
639b95d7-adcb-4474-a3b7-8b6b84f7392c,574.942662,2160,2024-01-01 01:26:42,Sell
84e275e4-69a3-4fd3-baa3-9122aebe03e9,835.875291,1814,2024-01-01 01:26:46,Buy
005080fc-c136-4ce8-a214-70c7faaf50a7,82.473433,7704,2024-01-01 01:26:49,Sell
8bc11fdb-7f4f-449f-9016-7158279924d5,952.421478,875,2024-01-01 01:26:51,Buy
9a5bd1bc-67ce-496b-acb3-715d47375759,10.713769,2754,2024-01-01 01:26:52,Sell
e36b58b0-ed5f-4be2-a46f-d53b333745ef,205.334466,2555,2024-01-01 01:26:57,Buy
f69f3beb-34b6-4c82-8305-9e8792580e28,691.953271,6019,2024-01-01 01:27:05,Buy
5e2613c2-c86e-4c4a-9c7b-4bc49a262bc3,547.710768,3857,2024-01-01 01:27:08,Sell
6261c5e6-6cbf-4f49-8684-19c9bf4ccbdf,580.859231,3054,2024-01-01 01:27:20,Sell
5e5d4f2c-66cd-46c5-b753-2427c0bb966e,273.876551,8969,2024-01-01 01:27:30,Buy
6ceedd3b-5499-4785-9cb7-9b50e84b3639,153.211520,7283,2024-01-01 01:27:31,Buy
9caec4ba-f71f-4c05-ab12-56909f4ef475,398.667576,1665,2024-01-01 01:27:32,Sell
a87eeab7-1c3d-4481-9f23-3f31baaed005,481.597422,3575,2024-01-01 01:27:40,Buy
dc4e8624-7a57-4439-a99e-3d9525527eda,308.896029,6852,2024-01-01 01:27:50,Buy
c88d4913-d8b3-409e-ac09-28e1615eee34,450.411719,325,2024-01-01 01:28:02,Buy
d0e43539-9860-424e-910a-0e6ac4d584a6,663.830169,7618,2024-01-01 01:28:07,Buy
2d2bc7a6-9cae-43c4-bcb8-8d7107963b9d,910.362933,660,2024-01-01 01:28:18,Sell
d1ab15da-3405-4ea6-81d7-f9e3b7133a40,213.401675,7304,2024-01-01 01:28:26,Sell
1f1e6774-2a30-40cb-ab30-90ff0a13e809,334.856500,9741,2024-01-01 01:28:27,Buy
271d0c29-44b8-4bf9-9e07-963141d0d54a,356.694339,9793,2024-01-01 01:28:33,Buy
04e474a8-3215-4895-93ce-a062816dff0e,64.019800,6505,2024-01-01 01:28:36,Sell
d62a7250-0554-46ec-aaeb-cdfc1285b752,48.420283,5592,2024-01-01 01:28:41,Buy
98ec291f-651c-42d3-ae48-cb6702023730,277.761904,1395,2024-01-01 01:28:59,Buy
8791dc95-5c91-4b88-bb69-4f433d20e975,358.379416,8572,2024-01-01 01:29:16,Buy
f6b45f30-6ee3-4c52-b91e-de2b38f650bd,720.719694,4207,2024-01-01 01:29:27,Sell
023af8ce-02eb-4587-bc25-86c6f96e58b2,180.647878,2290,2024-01-01 01:29:31,Sell
2526f62e-7aef-4c20-8aab-46cf78b97f8e,240.549103,2038,2024-01-01 01:29:38,Sell
b2fd8544-3977-45de-8091-3e1232cb6ff6,443.979178,1993,2024-01-01 01:29:41,Buy
401f38f2-d333-4d8f-b054-41db935c3f29,293.348724,5316,2024-01-01 01:29:42,Buy
413ff81f-24b5-4a5b-8ad4-fc8d7ed2846c,895.066026,2939,2024-01-01 01:29:51,Buy
19c3d3c5-19db-4461-bf96-af722dc8cf43,972.473012,5106,2024-01-01 01:29:58,Sell
ff6a3fcc-d375-4b15-ab27-3c8316a118a7,402.025788,3169,2024-01-01 01:30:08,Sell
d827440a-c7c3-4fea-b469-3744657f9cbe,738.745184,6402,2024-01-01 01:30:08,Sell
650f562d-0f87-4fdc-9101-623f300b659f,262.748051,736,2024-01-01 01:30:14,Buy
5fa77796-c1cb-4231-b3c7-9f132f9d484d,854.854398,9524,2024-01-01 01:30:23,Buy
0444ff0b-46da-44b9-bf65-b62255dfa6cc,396.581045,7611,2024-01-01 01:30:24,Buy
e047a9f4-44ac-4e54-a072-0cfee31da650,381.976491,5683,2024-01-01 01:30:33,Buy
ea8f8493-0939-4622-b925-8ae9310be7e8,10.218661,2180,2024-01-01 01:30:39,Buy
37fb3cb7-cd9d-4593-b401-2fa6af21fa67,183.125099,4989,2024-01-01 01:30:42,Buy
3b83ba4a-c5ca-4303-bdcc-41194c64d7dd,399.016547,3830,2024-01-01 01:30:47,Sell
69b4799e-75f2-4e98-a82e-13fdd8447876,48.435556,2777,2024-01-01 01:30:48,Sell
92412bf6-845e-420a-8aa4-a35d8b7fee96,908.994755,4008,2024-01-01 01:30:50,Buy
2ef80e4c-39ef-40ca-9b40-4d99899b8ab0,554.283988,5557,2024-01-01 01:30:50,Sell
8308708a-840e-424a-8912-c82b57ad896a,655.292355,9064,2024-01-01 01:30:55,Sell
bd8217dc-9a5f-4a8b-a871-3cd41d6704b6,48.642763,1848,2024-01-01 01:31:19,Buy
d99fd5db-62f8-4936-a5be-d83ae1b5271a,423.533059,5607,2024-01-01 01:31:21,Buy
79122791-5a06-4275-84a4-7f72e1c104a3,67.369280,4942,2024-01-01 01:31:26,Sell
3484e90b-8d39-4cae-be9e-64de628722c9,834.770571,1779,2024-01-01 01:31:27,Sell
aa5977a7-5811-4e0d-907f-161ae85f1cac,452.054809,159,2024-01-01 01:31:32,Sell
fd026571-9c74-4660-88c0-2d6e0bb8b2fc,336.663668,5007,2024-01-01 01:31:45,Sell
4e61d363-2d30-4c16-b09c-f8c51ce75a9c,836.239378,8780,2024-01-01 01:31:57,Sell
e62b3a81-02dd-4e1c-a48a-a9078ec4cf89,159.342236,9978,2024-01-01 01:32:00,Sell
21d56567-0970-4f2a-9a39-2d7aac9c4405,240.947662,3230,2024-01-01 01:32:02,Sell
aafd0367-7a47-44d7-9ae4-b3db29ae0443,302.449625,2885,2024-01-01 01:32:03,Sell
693fd4bf-ecab-4e84-8a16-3b044c0dd6e1,610.507872,8141,2024-01-01 01:32:06,Sell
e8fb30f4-a62e-4181-a498-6692049e0a52,740.556376,6090,2024-01-01 01:32:08,Buy
62beaf1a-8e88-4a70-b2d1-9ab2fc441237,341.744002,4736,2024-01-01 01:32:19,Buy
0e2c283e-d7be-4d29-8e49-957705b7467e,380.437880,308,2024-01-01 01:32:22,Sell
5d985b84-b829-44be-83c3-daba91de8a26,728.572085,9478,2024-01-01 01:32:27,Sell
7e3c8da7-5c90-4e38-88f1-8d0eb3ea1ad3,681.872730,9618,2024-01-01 01:32:35,Sell
92bd18b3-8b31-430d-93c1-4d3c17e62267,531.352302,6098,2024-01-01 01:32:48,Sell
4726a301-5edc-4a98-b9c0-1fefd5f08b3d,745.557782,8440,2024-01-01 01:32:48,Sell
8d91bee4-7990-446b-818c-5db57d683647,285.500922,4536,2024-01-01 01:32:50,Buy
95418b9a-0bba-481d-a12d-c93df4403d43,558.083269,5264,2024-01-01 01:32:52,Buy
a4ce82f5-7fcf-4f67-8fe9-8d4cc9a6063e,79.681143,8859,2024-01-01 01:33:27,Sell
e53fcb8e-e86e-4b07-ae7a-1072138e7248,955.983907,6517,2024-01-01 01:33:36,Buy
3b209e6a-639f-4f44-ad0f-bb2de7d50685,177.667422,8652,2024-01-01 01:33:38,Buy
0d91648c-c2d4-4d71-9f2f-f86723c83e23,693.140552,8514,2024-01-01 01:33:50,Sell
1c302c8d-f53c-4674-a9be-3730bff6160c,564.593115,2010,2024-01-01 01:33:58,Buy
afed3fe4-f1e1-4f83-8298-c7bd0bd80aa9,644.628665,2832,2024-01-01 01:33:59,Buy
0727bb2e-9f21-411b-b9c7-a041776c02cb,374.564514,8032,2024-01-01 01:34:05,Sell
c0607189-d5d2-46f7-97de-f4fad66fbc82,204.713048,2123,2024-01-01 01:34:12,Buy
a782d1e9-2f9c-4ee8-aedb-85c031f0d220,96.508678,8381,2024-01-01 01:34:20,Buy
f62882bb-fecc-4b94-b939-f67294aa12ff,791.250479,7603,2024-01-01 01:34:21,Sell
d0732d79-360f-4bf7-b037-b9652c2d9c87,299.849374,9555,2024-01-01 01:34:26,Buy
88dc99fd-1193-4c5c-9c35-22c82111e5ba,967.059493,334,2024-01-01 01:34:27,Buy
ef977125-1ed3-434e-bc06-5a42bd799a72,412.103124,5020,2024-01-01 01:34:28,Sell
d02b172c-9a95-4615-a561-94f2555d0de8,725.828034,2114,2024-01-01 01:34:39,Sell
62823fe9-1f15-4609-b07a-1bb8d1f30fff,370.371575,8800,2024-01-01 01:34:47,Sell
148a83ee-26f3-44fb-b202-b5f8b86701d8,840.404976,470,2024-01-01 01:34:48,Sell
19afe053-3f3e-4611-8886-502eeb9f07a6,543.128706,2023,2024-01-01 01:34:49,Buy
912ceafa-68de-4645-b476-5073c4477e6b,806.947387,1319,2024-01-01 01:34:50,Sell
a372f99d-03a1-448a-aa97-ddc8bc337fef,205.645179,8591,2024-01-01 01:34:52,Buy
db186ba1-bf3f-43d3-9762-09219046207b,428.750291,9329,2024-01-01 01:34:54,Buy
d36362d5-d613-4c20-b0a4-22c3da85ca53,797.149481,9798,2024-01-01 01:35:00,Buy
73cec39b-2e68-4f13-99c7-2ce664c81d3e,594.985728,1263,2024-01-01 01:35:03,Sell
65f5b3ea-d7bc-455c-9212-44cebdd1245e,793.174206,6231,2024-01-01 01:35:10,Buy
47d1bab0-eddb-44ee-a37c-60f9ab509aef,860.353206,708,2024-01-01 01:35:31,Buy
06b99cf9-3015-4a3a-b8ce-59cb590d29f1,299.432487,9569,2024-01-01 01:35:49,Buy
05a07caf-2c6a-4d30-99fe-410809c6a11d,181.504504,8314,2024-01-01 01:35:50,Buy
625fbba2-5ca4-4366-8f92-8cbc59e5dcb0,750.772448,3353,2024-01-01 01:36:00,Sell
60a6f386-ca8e-4ca2-bb8d-4943fefc987e,321.310739,5155,2024-01-01 01:36:04,Sell
76891366-ab76-42a3-bac3-8bb7b41f6753,168.935803,188,2024-01-01 01:36:14,Buy
d9aa629e-5319-495d-a4d4-de0e08bf2522,297.464890,2692,2024-01-01 01:36:22,Buy
cb4e6ee7-5ae3-4318-97d0-e339571732f2,737.685605,9305,2024-01-01 01:37:16,Buy
b553f248-0959-4150-9c1f-358936d63e2c,420.509510,896,2024-01-01 01:37:18,Sell
444b8323-85fe-40f5-bc37-4b0b9284d626,549.176115,3795,2024-01-01 01:37:21,Buy
489949b8-52b5-4e41-af13-92dcf8623fba,483.732718,747,2024-01-01 01:37:34,Sell
99a5ee19-c130-44d4-8007-a9222e7b9d31,881.756220,390,2024-01-01 01:37:43,Buy
4607a629-01e3-453a-aeb9-9efcf543265b,232.964141,2741,2024-01-01 01:37:43,Sell
a7764e56-90cc-4821-9064-5180147661d5,992.041397,8671,2024-01-01 01:37:53,Sell
3c5f2f79-9a31-496e-9597-7bac51a43ac8,215.406207,4400,2024-01-01 01:37:55,Sell
0dfc271a-d551-4117-85bc-e94674239137,487.237864,2863,2024-01-01 01:37:58,Sell
60713717-848c-4b8b-9ebb-b446a12d6b8c,131.528519,1966,2024-01-01 01:38:01,Buy
cf008df8-97d6-4aac-9b75-a286a86eee95,266.538020,1395,2024-01-01 01:38:07,Sell
d2fba246-163f-414a-b25f-8a6b75e52bc6,235.683437,1684,2024-01-01 01:38:10,Buy
80783cd3-a261-4492-960f-e1efd11dd710,233.423075,3416,2024-01-01 01:38:13,Sell
1a8a8721-21bb-47bc-9272-900616ae6320,988.267054,250,2024-01-01 01:38:42,Buy
56a44664-ef6e-46cd-9e5b-319d2057bd8b,599.100672,294,2024-01-01 01:38:45,Buy
0e260293-1e41-40fc-a02f-aecf255bd06b,479.123792,7502,2024-01-01 01:38:47,Sell
3dce0093-cc0a-494e-a7ee-a0a7e25ca495,931.594506,8289,2024-01-01 01:38:52,Sell
f5f922b5-dfda-4bae-835a-3e81d8aa0bfb,310.758690,7310,2024-01-01 01:38:54,Buy
2b4b8a45-300f-491d-9bda-3e347f56043c,759.028326,4214,2024-01-01 01:38:57,Buy
4ab9df26-a506-49a4-b7b2-b07426a15019,361.730456,3232,2024-01-01 01:39:06,Sell
ddbd3480-7a44-4640-8fac-fef00573380a,727.563130,9813,2024-01-01 01:39:08,Buy
bd0cd377-3f19-4f23-952e-de99caf6d370,2.432186,6359,2024-01-01 01:39:20,Sell
98fa6982-9095-4c57-a297-68109ce78202,534.905573,6039,2024-01-01 01:39:34,Buy
0256bb6c-43c6-474e-8e32-a76f49670b65,348.138134,9450,2024-01-01 01:39:34,Buy
1e7eb05c-543d-44d3-8744-a93d6c382845,952.995285,2666,2024-01-01 01:39:35,Sell
630f4ccb-909e-4a40-84d0-7d36e5940a9f,769.957568,1394,2024-01-01 01:39:57,Sell
f068d8d9-4018-47d0-b281-5a97ebbaa99d,541.532168,8321,2024-01-01 01:40:24,Sell
fdd88bcb-8ec0-46e0-93c5-13f6311bcb29,266.754609,4312,2024-01-01 01:40:30,Buy
88d31236-93ef-4edc-9567-c22b508594ed,52.695949,6987,2024-01-01 01:40:32,Buy
462eed62-cc26-41de-a3bf-86bc06846b98,842.824780,8233,2024-01-01 01:40:37,Sell
e34228f5-2019-4f25-bd28-432574bead2e,150.987719,8168,2024-01-01 01:40:44,Buy
aec08a4b-47fa-423d-8f55-ddcf393d76f6,662.669511,7585,2024-01-01 01:40:48,Sell
cd12b75e-f96d-4205-9ca6-419a3d7d41e4,131.862255,556,2024-01-01 01:40:49,Sell
48f65ebe-b1e2-42ad-810c-42f36e591f01,761.882235,2148,2024-01-01 01:40:55,Sell
88c470ae-8a7a-4bd2-8521-66ea6e0565f0,60.308725,9145,2024-01-01 01:41:08,Buy
bf7045c4-4d5f-4adf-a0fb-55abe5f2078b,878.413818,9594,2024-01-01 01:41:08,Sell
fafa6fff-ca33-416f-8d04-494d89f573e9,752.355540,6822,2024-01-01 01:41:16,Sell
f0d0bc8d-eef0-4827-886e-b70cdf93403d,101.861404,9898,2024-01-01 01:41:25,Buy
b0aceac7-2a0e-45bc-ae7b-b2f5103484ec,60.471336,7221,2024-01-01 01:42:18,Sell
238e008c-f175-4a70-87be-b64c19f2ef98,532.963811,9493,2024-01-01 01:42:19,Buy
2a5e60c6-93dc-4384-b184-29c0477fef93,500.275175,2649,2024-01-01 01:42:22,Buy
d336eb1e-32b0-4bd7-896b-15ce589f7cd5,637.764815,8567,2024-01-01 01:42:24,Sell
01fe24ac-3439-46c1-ae0a-bf98aeeb821d,613.696121,3722,2024-01-01 01:42:36,Sell
02bbbf08-08ef-4c1b-b32c-0ce94d30509b,12.593201,3056,2024-01-01 01:42:37,Buy
87bdafce-3297-4d67-b7d0-96ae92dd0e76,735.198944,964,2024-01-01 01:42:41,Sell
f0a8f6e5-fbe0-4541-ae3d-d88439802d3b,508.837758,3326,2024-01-01 01:42:50,Sell
f8749efc-e94c-4004-b169-145735cc59ea,929.121214,6349,2024-01-01 01:43:10,Sell
7eb4ff53-a4ca-4ea2-9808-c3ffd676ea4c,521.090307,4132,2024-01-01 01:43:19,Buy
f607a762-0e4e-413d-a399-52aaccd4eb33,202.223534,9885,2024-01-01 01:43:41,Sell
028c991c-1025-4486-b0c7-a4e593d3dbad,377.665218,4427,2024-01-01 01:43:52,Sell
50aed921-5500-4b34-9880-00e08de3f34a,832.675872,2344,2024-01-01 01:43:57,Buy
6c05ec81-189e-4bac-808f-ad80303fdf68,716.909744,3451,2024-01-01 01:44:15,Sell
93954b6e-bb55-45d4-a5d6-3a8a2346a8cd,120.257772,8111,2024-01-01 01:44:15,Buy
6a02fc62-874b-4280-a6f4-f4f256b26b27,438.240334,1972,2024-01-01 01:44:23,Sell
ac1688aa-48f2-4b09-8a57-60d4e33f6cd6,733.643796,588,2024-01-01 01:44:25,Sell
3b43ea6a-48fe-4e06-9b4d-b2ac47f35cbd,820.370392,6962,2024-01-01 01:44:26,Sell
10e48b25-ca44-4331-92e1-dddee3598b9d,40.442441,9307,2024-01-01 01:44:29,Sell
e5e23a06-cde6-45f1-9fe5-346ff546141a,725.035324,9420,2024-01-01 01:44:47,Sell
e130ca89-9745-4847-bf82-65152b238004,507.998765,1690,2024-01-01 01:44:48,Buy
cfa4bf2d-14ed-4de3-9860-09294bd6d982,454.662081,4577,2024-01-01 01:44:58,Buy
56990e93-b13b-4e1a-971f-6b0a75a62266,495.929628,9291,2024-01-01 01:44:58,Buy
91692480-233e-4523-9bb4-c50cf4fe35ba,74.625518,9723,2024-01-01 01:44:59,Sell
e4f6225f-8464-4b6d-bbe8-2bca8cf8d69f,353.693004,2260,2024-01-01 01:45:07,Buy
8e41a324-863e-4b43-9c1b-ed8aedf214b8,214.537146,6209,2024-01-01 01:45:12,Sell
f14fe8b0-2b97-455c-a62c-87fbb897c4b3,493.405344,3595,2024-01-01 01:45:15,Sell
6092174f-6678-4770-87f2-1b1748d065c7,154.977924,7969,2024-01-01 01:45:17,Buy
a1a8ab7e-8553-4cf4-9160-e1fe5c6e72e8,404.643875,6245,2024-01-01 01:45:20,Buy
a21d7eef-8066-42a6-ba14-88c9998e6a71,56.667921,5264,2024-01-01 01:45:22,Buy
66856197-3894-432e-b065-6db75fd2daf1,47.877379,6699,2024-01-01 01:45:22,Buy
e0c95f78-83b7-43a0-90f3-a89ad4d8b965,904.960336,4324,2024-01-01 01:45:28,Buy
dade71c6-c409-4a58-afab-3839228ee7a5,96.442728,7119,2024-01-01 01:45:42,Buy
45aa0707-ef29-46da-90d7-75fb7ca33d82,263.388601,9944,2024-01-01 01:45:49,Buy
8eca7685-5b44-4c23-9abf-b7eb686062fc,126.123332,2571,2024-01-01 01:45:51,Sell
58d76f0c-6c17-44e2-a707-0bb07f008a6a,469.651593,3198,2024-01-01 01:45:52,Buy
7abb930f-32fb-4185-acbf-13501866cc32,519.636751,1681,2024-01-01 01:45:55,Sell
516cd630-a5f8-43aa-a6ab-89b637bc4ec2,80.922021,3980,2024-01-01 01:45:58,Buy
658d2222-7303-4658-8443-ed9de1000323,497.842723,7178,2024-01-01 01:46:02,Buy
9fccfed9-829e-4c59-8ec7-dc894591f96e,47.720564,7218,2024-01-01 01:46:10,Sell
243db8c4-1997-4d75-9149-f2a2c3caef33,544.491929,2185,2024-01-01 01:46:24,Buy
fbd848a9-d45a-4401-b0a1-eaf6726bb324,365.902154,8893,2024-01-01 01:46:25,Buy
c78cfda7-f84a-4f39-9f84-b176c70bd681,923.052343,6883,2024-01-01 01:46:26,Sell
de0c8dfc-810a-4740-a27f-4ef78f6bf45d,46.374012,7539,2024-01-01 01:46:57,Sell
1e1caf10-601b-4668-8fd0-faa2fd7637af,179.392033,1546,2024-01-01 01:47:08,Buy
10f90f35-c2a8-4737-80d5-b537898155fc,755.761172,707,2024-01-01 01:47:44,Sell
8195b550-e0c9-44ad-b507-019a164ded97,464.889198,1997,2024-01-01 01:47:53,Sell
5b9e6cce-9f28-4530-bcff-486d96926025,516.381329,2668,2024-01-01 01:47:59,Sell
3b57cc92-5427-4a6f-be22-5f3b0f7f06a5,335.424946,9755,2024-01-01 01:48:08,Sell
c87994c7-e239-4d8e-912f-67fcf8aeb9ed,536.256500,8384,2024-01-01 01:48:12,Sell
d61f70a3-067f-469a-87a7-098208a7e176,228.828144,4673,2024-01-01 01:48:13,Buy
80641b55-ace7-46cd-b980-a1a2bfc7029b,420.346419,709,2024-01-01 01:48:19,Sell
9488261c-3753-4bc3-b321-b9fb9da1837e,586.589047,9843,2024-01-01 01:48:21,Sell
f168be2d-4515-4a54-a0e9-edaa5df87213,723.371853,6467,2024-01-01 01:48:27,Sell
899dfdd9-7139-4f24-8917-6ad5eb463441,371.630130,5687,2024-01-01 01:48:33,Buy
f1a26437-d262-4e73-a839-0ec30610219e,725.013125,4269,2024-01-01 01:48:44,Sell
7074f0f2-1e89-4649-903f-74ac4a132942,657.360624,5255,2024-01-01 01:49:02,Sell
c1c01658-0ab9-47bb-9109-c034bf804dc4,699.090566,2846,2024-01-01 01:49:06,Buy
df84a2b9-8c34-43e0-b5e5-161d1e47fc0e,235.559834,9830,2024-01-01 01:49:06,Buy
55048c55-3909-4648-acd5-c159047fbd00,215.122433,764,2024-01-01 01:49:31,Buy
214dcf22-778f-4013-a21f-6154a0ad043f,682.894795,6632,2024-01-01 01:49:39,Sell
e9c82322-f67e-469a-b7fa-aab50051aa0f,861.348488,7661,2024-01-01 01:49:43,Buy
3896db95-e74c-480d-a8d1-bf319dcc88b4,410.347974,9010,2024-01-01 01:49:54,Sell
bac5136a-8da3-4c21-88a9-3b4b9279ad35,305.950390,5463,2024-01-01 01:50:13,Buy
9a48194c-c009-454f-8630-a3a51b73e5e9,67.789945,1990,2024-01-01 01:50:22,Sell
ba977c36-fc7a-4afd-a765-efb39d5c2ed2,606.294217,5143,2024-01-01 01:50:32,Sell
d5f36901-5074-4b89-b2bb-0f5821bca23f,277.662018,5804,2024-01-01 01:50:36,Sell
77a2975b-db7b-41e7-972b-a36b6f481348,523.080475,7364,2024-01-01 01:50:38,Sell
a482377a-7798-4b0b-aa5b-dc9e4d33a946,419.650067,3906,2024-01-01 01:50:39,Sell
04179b2c-18e1-4bd4-8bf0-47385ba3e6cb,873.927188,5802,2024-01-01 01:50:46,Buy
2e0b8397-785f-4df4-a343-5aed0937641b,326.810345,18,2024-01-01 01:50:48,Buy
373f7cc1-6270-4cc1-b531-fe7b28fee354,518.724878,6518,2024-01-01 01:50:51,Sell
460b8e9a-3c58-4a6c-b6f6-b8e3bd966b4e,41.695576,7535,2024-01-01 01:50:56,Buy
20d3bdb5-577f-49e3-a43c-e30f329e13e9,320.553453,2121,2024-01-01 01:51:05,Buy
3e29d798-a04f-4232-9dd5-7a57657b3681,364.781249,9026,2024-01-01 01:51:06,Buy
61016b1d-3b08-4445-ae2f-ec6687557adc,309.195968,4225,2024-01-01 01:51:14,Buy
5c875681-914c-4152-b00a-1a48197bc827,457.144369,9396,2024-01-01 01:51:26,Buy
9282660e-2533-4b47-8583-f4b128006374,974.930051,5126,2024-01-01 01:51:37,Buy
bb130f9a-3f51-40b9-8a00-a68afd97de45,597.373963,7265,2024-01-01 01:51:40,Buy
cd7b57b4-1cef-48c8-848d-cceaf77ae635,566.920037,4230,2024-01-01 01:51:52,Sell
fd64ecdb-f658-4453-8a42-c082f6818abf,814.461233,2168,2024-01-01 01:51:53,Sell
beecf19d-d7a3-4e49-b9c9-e5475ec10b35,288.996423,3086,2024-01-01 01:51:57,Buy
47ac883b-2260-46fa-a3ce-9747c89169aa,730.837776,4175,2024-01-01 01:51:59,Sell
f1605692-98ab-4e50-b248-7fe0b2f1ced9,419.358057,2441,2024-01-01 01:52:06,Sell
3aa79984-64eb-4fba-b136-492a2a1d57da,876.014417,8708,2024-01-01 01:52:06,Buy
71e4678f-ee89-48f8-9679-08501326342c,769.663978,6900,2024-01-01 01:52:08,Sell
d21cbdba-2215-403c-b600-a6fa55947fa3,629.877316,7730,2024-01-01 01:52:08,Sell
27e4fd08-eda7-4440-96f5-bfdcecbfd060,464.900649,3115,2024-01-01 01:52:13,Sell
72b52692-5b93-41a2-bd6c-f334fd0209a2,4.665535,6543,2024-01-01 01:52:15,Buy
002aa0b6-da0c-4775-abfc-0e8cdab306b8,264.462248,5106,2024-01-01 01:52:20,Sell
7a6d0616-834f-4e13-b091-877fa22869e0,464.080958,832,2024-01-01 01:52:21,Buy
b2e30f1a-d3d7-4ded-9a86-2d7a6d28b70d,624.222998,3470,2024-01-01 01:52:23,Sell
b90cc571-1730-4125-bd65-c9f64efc6c57,686.740317,5638,2024-01-01 01:52:24,Buy
bcf1a396-f520-4b19-b7db-d891e59e7cbd,306.526873,1702,2024-01-01 01:52:25,Sell
0df5ef63-d77a-4d11-8cc1-25bbdf68739d,421.691021,8285,2024-01-01 01:52:25,Buy
46331285-f236-4d92-a02e-f6956db02d9b,899.540943,832,2024-01-01 01:52:27,Buy
21d0676b-1b39-467b-b50e-611d0f32f45d,928.058528,8146,2024-01-01 01:52:27,Sell
fac0397f-d5a8-4152-a312-a2e8107abf11,886.051620,6982,2024-01-01 01:52:40,Sell
5f6c772d-b5ab-4037-bc20-bbbe2648f58f,670.612875,2087,2024-01-01 01:52:44,Sell
03a0cc8a-08d2-47a0-bf89-25b3d0a9dae6,361.892123,6923,2024-01-01 01:52:47,Buy
d9ad1338-89f0-4e92-9c2d-a2b08a2f6578,638.951574,1797,2024-01-01 01:53:18,Sell
6e06b747-dd62-42ed-a867-11c0d8706d54,339.660422,1073,2024-01-01 01:53:31,Sell
1aa04a98-11ab-4985-ab23-d5427da67b9d,461.998389,6035,2024-01-01 01:53:31,Sell
1d31a5c3-cf92-44e2-bb32-16f3f46ab8a3,850.900015,9537,2024-01-01 01:53:33,Sell
3a4f59fd-73a6-493f-8aa7-80eeaee85fd7,446.144927,2182,2024-01-01 01:53:52,Buy
54a17a50-2020-452d-bd17-c8140f4c4aa4,711.912280,4526,2024-01-01 01:53:57,Sell
04c6a403-c046-4b0d-8abe-441e298d632a,412.178574,9316,2024-01-01 01:54:00,Sell
daf70b0e-1e1c-46f9-b40e-70a1f094ed20,192.701680,5423,2024-01-01 01:54:11,Sell
75d27fd8-ff8e-40c8-aa87-34d33e7717a6,801.911441,4363,2024-01-01 01:54:18,Buy
5bb330a5-2337-48f4-b6e3-d57cbbec064d,805.315264,1660,2024-01-01 01:54:19,Sell
94929043-9f34-4440-8960-c652a73d4be0,213.017759,7125,2024-01-01 01:54:19,Sell
2d1d8007-87d4-42d4-9434-032f604a4250,907.961816,763,2024-01-01 01:54:39,Buy
3aa6392c-c88c-44da-8d05-bf8d348aa610,610.139133,2855,2024-01-01 01:54:41,Buy
7ed45b2f-af84-474b-a78c-d0a3dd8a0a07,761.356146,9914,2024-01-01 01:54:48,Sell
4c1910bf-72a6-4944-a740-50b80ac7e28d,816.723285,9344,2024-01-01 01:54:57,Buy
b2c54ec0-d79d-4e9b-a445-58da224af83e,522.606295,5076,2024-01-01 01:55:04,Buy
9aac5535-8402-4b89-a613-e86c530907a8,221.643286,7643,2024-01-01 01:55:07,Sell
7d52c75a-2df8-43cc-babb-f060c42c6513,2.528449,2965,2024-01-01 01:55:16,Sell
731ff79b-80af-4a4e-9ec9-63379213ef63,885.237298,7224,2024-01-01 01:55:25,Sell
6f56efaa-7801-42f9-8414-d509abb1dc1e,676.420865,368,2024-01-01 01:55:31,Buy
186dc959-8977-4147-87e4-57d2ef0f2bb1,438.842571,6182,2024-01-01 01:55:39,Buy
53d1a590-dd02-44e9-af46-e3b7125a33b7,597.871581,5111,2024-01-01 01:55:46,Sell
2fd92744-bc97-406d-80b2-cbc8c584d85c,728.772287,6538,2024-01-01 01:56:11,Buy
0d1b3749-8bcd-4991-a991-d7623db248c2,56.314910,9594,2024-01-01 01:56:12,Buy
5fbd8bbb-997f-4cd6-89ad-31bc00b20d6d,566.635469,4237,2024-01-01 01:56:25,Buy
059bd27e-d87e-4a2d-911a-c62e6460c254,512.947557,4565,2024-01-01 01:56:33,Buy
6518fcd7-7010-4c80-ad5d-8c81d49765da,346.575037,5024,2024-01-01 01:56:42,Sell
5db32c7b-f026-42fe-9b3f-7e13002f3e69,513.358574,9760,2024-01-01 01:56:44,Buy
99f67415-dbd7-4898-8116-6a87e4db869f,654.403921,1494,2024-01-01 01:57:08,Sell
e2769d2d-d013-4e51-bc10-d40b184759aa,694.912890,9390,2024-01-01 01:57:12,Buy
edd7c92c-a16b-411d-a477-e8736723eee9,131.163912,57,2024-01-01 01:57:42,Sell
e90b614f-b472-42ed-8217-1494a739fdfe,502.414988,1691,2024-01-01 01:57:56,Sell
0e9cc5bc-4e1e-4c2a-875d-2ba4c07999aa,676.570084,4946,2024-01-01 01:57:56,Buy
41248cbf-82fd-452f-91b4-6436b84df903,315.630074,6049,2024-01-01 01:58:00,Sell
5049a234-aaf2-40ee-9bff-6c3c7e858f7c,493.298834,5142,2024-01-01 01:58:03,Sell
23c36557-4571-4c86-aad6-dd5cf0a23630,227.068863,4598,2024-01-01 01:58:25,Sell
4c2a6442-0f8f-4dcd-9d24-24b16c3c75ad,424.819645,9249,2024-01-01 01:58:44,Sell
b85139c0-3c4e-46b7-baf3-fff91f7ed3e6,866.213679,4328,2024-01-01 01:58:45,Buy
179ce0c1-4d18-4b0a-94c6-202414d750b7,637.687698,2866,2024-01-01 01:58:51,Buy
9b9f82ad-b77f-4ff5-b376-785c05481f56,71.975888,5145,2024-01-01 01:59:07,Buy
623312a5-6cb9-4a41-800d-b90fc8eb0108,222.988705,4206,2024-01-01 01:59:13,Sell
2b0cc85e-03df-4ab0-9bdc-37f6c986f368,333.497838,9263,2024-01-01 01:59:20,Sell
f26b3b8d-80b1-489b-91af-84341187f7db,213.625386,7633,2024-01-01 01:59:28,Buy
8ce0be59-2213-4bc2-a432-5bc482d6f930,832.033284,3035,2024-01-01 01:59:29,Sell
fb0f1ba7-37b3-40d5-aa08-ead42ff3b066,374.697825,9349,2024-01-01 01:59:32,Buy
e03d6474-2473-4f0b-8500-37b4c2e50e15,925.681318,4486,2024-01-01 01:59:40,Sell
3e038a16-475f-486e-878b-71c2b6affdd8,695.277100,7104,2024-01-01 02:00:03,Sell
b18176df-9b8f-4964-963e-c0b493828981,868.899819,3843,2024-01-01 02:00:14,Buy
3b7c357d-830d-457f-8c16-54121bb7cd54,621.045884,1502,2024-01-01 02:00:19,Sell
a9db0bb5-ad34-43c8-b7ef-4929e467855a,625.954545,1132,2024-01-01 02:00:37,Buy
9435d568-1626-451e-bcfe-d76c83f3e881,400.111503,8046,2024-01-01 02:00:37,Buy
6b95fd9a-840d-4154-8034-7c80e35274ee,512.906402,149,2024-01-01 02:00:43,Buy
972a18a3-9202-4ef7-be57-475a2b161538,28.436085,1837,2024-01-01 02:00:52,Buy
a39224c2-2532-4a50-ab75-232542c404e0,112.088101,9871,2024-01-01 02:00:53,Buy
9a34ce13-3a25-4884-83fb-95842fff410f,810.052026,830,2024-01-01 02:00:55,Buy
ab99cf05-8822-4385-a958-d8587f20cf7d,583.580783,3120,2024-01-01 02:00:56,Sell
ce4c5a34-cd6c-4374-bf53-23bf67b80845,522.186360,8123,2024-01-01 02:01:01,Sell
d1536eb0-c176-4071-a469-b4c13e60d84f,201.829755,5401,2024-01-01 02:01:09,Buy
d5b17d23-b60f-4489-97e5-c07b7870a64f,894.838345,4299,2024-01-01 02:01:17,Sell
b1537720-5e55-4984-a773-fb4e20fa0c09,188.772669,3515,2024-01-01 02:01:19,Buy
3ed2eac2-b6b2-44ff-90f6-e8efab3dccab,288.594658,5029,2024-01-01 02:01:29,Sell
c6caebbc-1f8a-4dfd-90d3-fa30441c87f5,522.672197,2151,2024-01-01 02:01:41,Buy
89137c30-2516-49e1-bb50-232e2b0a2f69,301.628127,8507,2024-01-01 02:01:49,Sell
7ca48204-01a2-418f-a8a4-4e287ed9fae2,441.801747,1196,2024-01-01 02:01:50,Sell
6d5855fe-e9ac-44e8-b86e-8acede688068,389.991956,2536,2024-01-01 02:01:59,Sell
76eaaed2-4486-4a8f-a415-dcd69547fb34,111.802255,7292,2024-01-01 02:02:01,Buy
5d0e5960-1218-4e9b-8013-d6675fefb9f3,684.496739,5964,2024-01-01 02:02:08,Buy
d48e7a82-fe24-4157-8976-15954d459f9c,96.602516,7929,2024-01-01 02:02:09,Sell
4c62a0d4-9e43-4ec6-9511-38663f3c3ec9,652.235858,9416,2024-01-01 02:02:10,Buy
1f4e8598-10e6-4146-a77e-c6a705590e3e,776.806999,5203,2024-01-01 02:02:23,Buy
f8be91b2-b63c-4a51-b1df-eb335a36a480,752.809998,8653,2024-01-01 02:02:28,Buy
edd839ca-0ae6-412a-b7c1-cded1ae64d70,592.135732,7920,2024-01-01 02:02:32,Sell
ef99eea1-1593-453f-b379-824744bcf5e9,857.068114,948,2024-01-01 02:02:35,Sell
f5d7677b-c7b9-4c7f-9a5b-0aa541a79420,658.862836,5641,2024-01-01 02:02:42,Buy
200a8b9a-cb25-4588-9b2a-4d112bfae383,398.716743,8618,2024-01-01 02:02:46,Buy
98ffb2ce-1e58-4260-99cf-8d0ba7d61c6f,28.007282,4799,2024-01-01 02:03:02,Sell
6129c027-eb1b-4f85-a7ed-192db80ec483,998.854512,5741,2024-01-01 02:03:03,Buy
e7cef87c-c821-4dc4-a8b7-4a055a9d475b,105.776010,5277,2024-01-01 02:03:10,Buy
252a12d4-0936-48bd-8bd2-bb19c46ffa92,604.857196,4898,2024-01-01 02:03:21,Sell
404d68c2-55de-4e75-8c63-af7e06bcc254,163.716322,8360,2024-01-01 02:03:21,Sell
6ce38314-0e41-4931-9bae-4293fa5760a4,862.956875,8169,2024-01-01 02:03:32,Sell
36a8cf70-1279-4579-81f2-bb6b57c0f6bd,630.673171,5767,2024-01-01 02:03:34,Buy
bf2786a1-f48e-4702-862b-574bb3a74927,931.690693,6246,2024-01-01 02:03:40,Buy
ca2c9e69-82cb-43bf-af57-c4e08f6cc209,881.719318,5179,2024-01-01 02:03:42,Sell
d6f44fc5-9fce-46ba-9f95-c2f55783f4fd,842.794127,1088,2024-01-01 02:03:52,Sell
11b6aac3-ac71-460c-89d7-a93a3de99491,584.461266,1095,2024-01-01 02:03:53,Sell
ad8e378e-83a2-45f2-a9a1-628334fee492,37.495817,7397,2024-01-01 02:03:59,Buy
1dd38b31-7cad-4b4d-b1de-ea02b1074a69,466.232404,4709,2024-01-01 02:04:08,Buy
5532b5de-89a0-44e2-b19f-e4fead65e101,123.195482,5558,2024-01-01 02:04:43,Buy
20867f26-d2b9-42f5-926c-c7f8fdb8bfd5,285.510448,9680,2024-01-01 02:04:43,Sell
8222feed-2388-4f4f-9f26-7652a05d1e53,272.585791,551,2024-01-01 02:04:46,Buy
12480af6-c3c1-4aeb-a296-7312fc4e15e5,587.713967,3944,2024-01-01 02:05:08,Buy
33d073de-c197-434d-bbce-f57bc3e9f804,391.796148,2385,2024-01-01 02:05:14,Buy
5d52bc9f-4dc2-45f6-8329-243a59009da9,183.224778,4499,2024-01-01 02:05:17,Sell
8b9f306c-7337-421c-aff3-e404bb5a0448,229.847870,8782,2024-01-01 02:05:22,Sell
8c42f151-5eee-40d5-8e6e-36f2abfdc7e7,11.999936,177,2024-01-01 02:05:26,Buy
27db8d3e-1d93-49d6-b92c-67ea35d79a74,722.843824,1306,2024-01-01 02:05:26,Sell
34bd0e94-2566-4927-80e2-458c7274a231,812.775607,4937,2024-01-01 02:05:26,Buy
5c9a2cf9-5c62-4831-ab24-9d1f4800686a,723.122611,5789,2024-01-01 02:05:26,Sell
1877e511-294e-4277-ae7a-7b5161c7f350,589.056648,4530,2024-01-01 02:05:28,Buy
8f075073-fd31-41ee-b7ba-edaf5d16370e,657.561671,1063,2024-01-01 02:05:39,Buy
0aaab970-795d-427a-bbda-aa6dd21e0774,665.251963,5586,2024-01-01 02:05:44,Buy
bd8ed4ed-4c7b-4af8-87e5-abe88ab7dab7,586.536304,8479,2024-01-01 02:05:45,Sell
451cc5a1-610a-4b51-aa06-a004f31d97e9,650.143118,4243,2024-01-01 02:05:50,Sell
cc53acd4-8398-438b-b646-b6c3d2000139,558.851662,2297,2024-01-01 02:06:30,Sell
e5725ae6-b25a-4e9a-aef6-222eff5851cd,38.496840,3041,2024-01-01 02:06:35,Sell
0784d12f-2692-43b6-ab5e-a33664318d72,53.779530,4974,2024-01-01 02:06:51,Buy
1898b22b-9c3c-4852-8480-e92855c6450f,585.669085,4264,2024-01-01 02:06:52,Buy
48ddfe6c-2c20-4235-9d82-ccac587aa479,333.637737,5952,2024-01-01 02:06:55,Buy
97784cc2-9cd5-4225-aa1b-5aa1727a767f,251.400265,9366,2024-01-01 02:06:56,Buy
a89ab1de-8bbc-46a9-9e2b-55d0190b5f08,955.736759,366,2024-01-01 02:06:57,Buy
bbf8d77f-4572-4d78-834c-c472f43fa421,340.285102,4581,2024-01-01 02:07:08,Buy
d72db082-1e11-41d0-b48f-0e6bccb095d0,910.698249,5196,2024-01-01 02:07:23,Sell
60d45296-5ab1-4413-855c-b346708de613,224.424083,2899,2024-01-01 02:07:33,Sell
4c7731fa-7971-442c-a2ce-cc66b697b2d8,308.347244,5051,2024-01-01 02:07:36,Sell
ab14749a-4755-4a29-b2e1-2c76635f74cd,374.959589,830,2024-01-01 02:07:38,Sell
7a2ea56d-1c66-4622-9857-4f8b9e5dd9b0,524.264930,5100,2024-01-01 02:07:39,Sell
5fa6ea20-d0e1-4fc3-bb9a-63b7696a00ce,77.122155,623,2024-01-01 02:07:42,Buy
a6a0ffb2-c3f4-44c1-80ca-a6637cb69762,731.926352,4307,2024-01-01 02:07:49,Buy
0f646fb1-d2d1-4564-b6e0-4ca69c763dc5,211.330858,1097,2024-01-01 02:07:56,Buy
2c5e2e6c-d42a-4b3d-b7a8-b60c1d1bb475,255.044301,2221,2024-01-01 02:08:19,Buy
b027ca5f-10ba-4bb7-a493-6050a2fdd8b5,143.120129,3595,2024-01-01 02:08:22,Sell
b5f69474-1f74-44a3-89e0-e2a5ea5add50,943.374272,1201,2024-01-01 02:08:28,Sell
c1fdaa99-c1f0-46d3-828a-0b0d5dd50443,775.059523,7114,2024-01-01 02:08:37,Sell
802adcb2-a2b1-4581-a20c-5f324a97ad63,946.653675,4177,2024-01-01 02:08:38,Sell
b4427f39-78bb-40c2-ab88-e1bd4d51e99e,35.185646,488,2024-01-01 02:08:46,Buy
8298989f-25c9-409a-9d8b-0aed058b2889,181.413657,7796,2024-01-01 02:09:06,Sell
6ca94d2c-6f7b-4a02-91b7-bb66473df109,351.348922,4899,2024-01-01 02:09:10,Buy
b8e605ec-6277-4630-9cb9-39bbc29d159a,514.623991,5894,2024-01-01 02:09:10,Sell
0ee97124-5c97-42fa-b886-8a9f8805cc2b,721.620849,1019,2024-01-01 02:09:12,Buy
81ace0c7-e499-4fab-a80d-0e7bdc4d2bdf,298.745914,9123,2024-01-01 02:09:15,Sell
1449bfb7-5c5c-4f6f-ab49-c0333c509db5,641.697294,527,2024-01-01 02:09:18,Buy
a36bc260-2986-4b96-83df-221648094d8a,872.144130,7540,2024-01-01 02:09:19,Buy
ed2aaf19-76bb-4d94-b147-e08488a48268,72.257448,3972,2024-01-01 02:09:35,Buy
e98843da-1179-427e-a6fe-dd0f0f583670,284.023964,1501,2024-01-01 02:09:48,Sell
5f62fd3e-750c-49b9-a43b-4836cdf32f26,942.369886,5486,2024-01-01 02:10:05,Buy
503b8cc5-6473-45b0-a2fb-116a211f226d,692.104047,4613,2024-01-01 02:10:08,Buy
0a6c8fc6-c611-4113-8e9c-097a0f507274,386.393676,8268,2024-01-01 02:10:08,Sell
e7f2da6a-cb59-4241-8da3-c9d8e26999ee,159.249385,7982,2024-01-01 02:10:11,Buy
a1ca695a-4158-486c-9ef3-f990b0f73ef1,516.254624,1630,2024-01-01 02:10:17,Sell
f054827f-fbe0-4425-84a7-4eb0bf170f32,478.279207,609,2024-01-01 02:10:18,Buy
404f1d79-2383-4ed5-83b3-1e6094320123,429.183975,5616,2024-01-01 02:10:25,Sell
e4f6e79b-0e6b-4435-bee4-acd0d511e24b,405.901545,5197,2024-01-01 02:10:31,Sell
212805fa-2307-4f0a-925a-e943f7f0fb6e,964.850436,6506,2024-01-01 02:10:36,Sell
12fb88dc-5b75-4fee-b54e-e1b1329a1b4b,187.132715,5687,2024-01-01 02:10:55,Sell
76b27619-84de-4d33-8a1d-6ab44ee89f89,67.094785,9432,2024-01-01 02:11:00,Buy
42278445-6b70-435e-a139-a6efd5304af3,216.297818,9028,2024-01-01 02:11:08,Buy
d5b22dc4-f95a-40a9-b202-6a3e91a6a2fd,770.798446,1450,2024-01-01 02:11:15,Sell
33743c12-88bc-4e1e-8803-2453055f8191,388.327502,5125,2024-01-01 02:11:17,Buy
2abcb2df-2fe8-4fa7-9b51-c370f8d648da,500.295837,2780,2024-01-01 02:11:21,Buy
4cff1dea-efee-45e8-b8d2-bf3e82bd801f,900.111209,5389,2024-01-01 02:11:23,Sell
1e06730e-6001-4b3d-a553-f33151fd335b,994.350501,9147,2024-01-01 02:11:27,Buy
9b3dfa19-361f-42c2-a7e0-517b5ace2e58,229.828374,3522,2024-01-01 02:11:28,Sell
dd83631a-075e-44f1-9303-2b22f6b45b40,246.243061,383,2024-01-01 02:11:35,Buy
de33295a-4719-474c-8d39-43176e1ade58,724.166518,360,2024-01-01 02:11:37,Sell
de5ad07f-4b01-4579-9de6-20f448309dfc,68.783504,4320,2024-01-01 02:11:43,Sell
ce025267-157d-494b-9b45-1613baa579e8,164.499920,9930,2024-01-01 02:11:44,Sell
270de7c2-6327-47ee-bde6-0c53a3ff637b,777.274654,5258,2024-01-01 02:11:45,Buy
c675c35d-f7b1-4f9a-9622-455a06d7cacc,27.331758,9147,2024-01-01 02:11:47,Buy
668f0b14-138d-4f0f-a85a-5170de4487f6,589.097021,1147,2024-01-01 02:11:55,Sell
8bbfdc94-2875-4845-8fe3-bdaa88110e4b,16.419189,1098,2024-01-01 02:12:06,Sell
ae7229a6-3fbf-4ea4-af34-26222955aa15,637.039544,1247,2024-01-01 02:12:06,Buy
237bd484-eef3-49f0-bcb6-713298909670,115.069069,7252,2024-01-01 02:12:06,Sell
2122d56c-b4f4-480a-90e9-d4fbf5f1aa61,498.372772,8798,2024-01-01 02:12:10,Sell
504ff5ef-812e-4aa4-801c-d74509334c07,329.632901,9842,2024-01-01 02:12:10,Sell
448e1b33-b313-41f4-9f68-ff116c107bb9,410.954482,7497,2024-01-01 02:12:17,Buy
cf063383-487a-4883-996a-e7171e845e84,919.881453,6137,2024-01-01 02:12:20,Buy
3cef8750-baa7-44a1-97d7-472eec668bbc,299.758257,6846,2024-01-01 02:12:28,Buy
da9c27fc-e06b-40f7-8ef3-2e167d38d4c7,476.893991,355,2024-01-01 02:12:44,Buy
8a8390da-a548-48b6-9263-379d8ed9b02b,568.596750,142,2024-01-01 02:12:45,Sell
49c5b5f6-78a0-447c-8c3f-2bd9539271e7,900.360899,6392,2024-01-01 02:12:55,Sell
89312f0c-a3ca-41a7-8ffb-a5545c3d63c6,150.024162,8938,2024-01-01 02:13:00,Sell
7ef6d86c-3bf3-4d3c-9b42-34e05e4cb63c,74.320321,5303,2024-01-01 02:13:31,Buy
74c1f7e9-be43-42cb-9b69-897873c854f4,577.013909,7462,2024-01-01 02:13:36,Buy
9bac2bd7-7d31-484d-a5d8-d1e31c94d381,924.404331,6667,2024-01-01 02:13:37,Buy
7e6b03ef-b6b3-4dd3-a0bf-ff075ce88801,131.577253,7174,2024-01-01 02:13:37,Sell
1c69cea1-1891-4b74-8337-a3b565e2564e,111.468592,3023,2024-01-01 02:13:38,Sell
8feed107-1caf-44ef-8f79-5d7aaf3dfbdf,394.398780,2327,2024-01-01 02:13:39,Buy
a3b9f1a1-5de6-46eb-9199-029c80f4fa09,302.573001,9066,2024-01-01 02:13:44,Buy
099421bd-2e01-4cb9-8de9-f0271143d27d,840.261079,5799,2024-01-01 02:13:50,Buy
16dae60c-0f24-4e0f-9095-9e71a29b59f3,258.275232,6584,2024-01-01 02:14:03,Sell
478887e0-a290-4a4a-9bcd-e015d591c683,363.755890,694,2024-01-01 02:14:10,Buy
a2ff341a-873f-48b5-b342-8ae30f1022f2,979.199517,435,2024-01-01 02:14:15,Buy
f1c79d4e-1bea-411f-96f7-dad8666e3e69,543.676205,9964,2024-01-01 02:14:18,Sell
97678db1-22ab-469e-b41e-0aad6ea7f629,690.669771,3823,2024-01-01 02:14:25,Buy
0df0d79b-096f-4542-8f91-4f74cd069bfe,992.151996,5329,2024-01-01 02:14:35,Buy
4cddd4e2-e86b-48d4-91f1-882d8a7b8057,176.929200,5136,2024-01-01 02:14:46,Buy
51c3df91-d4b1-4cff-8301-e87b2c73c487,883.549201,1531,2024-01-01 02:14:48,Sell
a3e77ea2-565f-4210-8422-926650a50e55,741.775954,44,2024-01-01 02:15:01,Sell
8a1c8b56-cbbf-4846-994d-9a6bca38e84c,539.133180,8542,2024-01-01 02:15:10,Sell
f5a75bbd-c0a0-4bb5-8d8d-afb8e3a5a90c,197.302586,2674,2024-01-01 02:15:16,Buy
eed25868-ce9c-4e71-bf37-70d26989c4e0,529.853805,8175,2024-01-01 02:15:26,Sell
257196f2-47b3-43d7-a67b-5a7c8cf8306d,526.823227,2861,2024-01-01 02:15:27,Sell
aabd1b36-426e-4755-9edb-19585f2ccf58,159.471347,6697,2024-01-01 02:15:34,Buy
a0ec417b-b72f-4d07-9caf-940de4cd1407,741.054649,8757,2024-01-01 02:15:40,Sell
029bb91e-348d-409a-93b6-67dccfe80e13,169.054773,2548,2024-01-01 02:15:41,Buy
37db1d96-7a65-4ad6-8705-1b94973dc5c7,803.913645,2005,2024-01-01 02:15:48,Buy
0d25751e-b08f-4a22-8101-039f42109d54,512.386439,8243,2024-01-01 02:15:52,Buy
d41804cb-b92b-4870-97c8-0a810acd0fdd,45.169633,8926,2024-01-01 02:15:52,Sell
ff8c66d7-cb71-49ff-8d82-f7b36805aa90,981.746992,5824,2024-01-01 02:15:56,Sell
b8fd34ee-310d-4b03-a76c-f80dbbe710bf,373.394288,6105,2024-01-01 02:16:38,Sell
9b606ec9-ce63-49bb-9e18-fa459cb9bbad,456.566960,413,2024-01-01 02:16:46,Buy
4affe17f-f810-4948-90e8-5d8c402ae751,566.440484,15,2024-01-01 02:16:50,Buy
fccbb7ce-38e9-46eb-a343-ad58a3990b4c,651.865202,2309,2024-01-01 02:16:53,Sell
7137d19e-d05e-448c-99f3-48bc929d6978,174.260655,222,2024-01-01 02:17:08,Buy
fd8a7d81-ecc3-4a10-abb6-a030c4a81f2e,388.215621,4017,2024-01-01 02:17:13,Buy
623e7e56-6896-4aad-bfd1-18eaa8045d2d,906.970977,5958,2024-01-01 02:17:19,Buy
e9cedaa8-4178-4396-9dd9-3f26fbc842b4,43.390377,1343,2024-01-01 02:17:21,Buy
95d1d407-3917-40ab-9020-ff5d2c4bf13a,952.806081,9384,2024-01-01 02:17:22,Sell
2b74a91d-8ae8-4693-8359-827ac1780a43,126.803525,1699,2024-01-01 02:17:25,Buy
918764ee-b04f-4a62-b520-51b3ca08f3a0,498.674826,329,2024-01-01 02:17:26,Buy
db08246a-3d7e-4fbd-a139-44ed4b641771,15.020260,4834,2024-01-01 02:17:27,Sell
882de396-4dd8-4d7e-8d1f-603b717001ae,722.306623,1778,2024-01-01 02:17:29,Sell
ead4a9d4-a1cd-4a94-a38c-b0867d41605f,669.608042,2494,2024-01-01 02:17:29,Buy
86bea079-a05e-4a0e-a514-cff0742ee001,363.473380,5286,2024-01-01 02:17:30,Sell
c58e8505-d7ff-4515-b965-6a819e7ec18a,270.785889,395,2024-01-01 02:17:31,Sell
f430682a-4663-4c11-9a47-3abb1517c421,9.051970,4348,2024-01-01 02:17:38,Sell
2e247b35-6a94-4809-b49a-312687aeb88d,109.461436,5592,2024-01-01 02:17:48,Buy
13e4ca99-07be-4866-a696-0cb9975f7594,755.374892,2919,2024-01-01 02:17:50,Buy
9dad88f5-9864-4d56-be0f-5f1c18103a95,881.770067,667,2024-01-01 02:17:54,Sell
a445a2ca-0187-4756-a1ff-63b760e81f9c,905.328456,3009,2024-01-01 02:18:00,Buy
d743be63-5517-438b-b3e8-89041cd5bc46,160.128942,4984,2024-01-01 02:18:02,Sell
d1ade281-c54f-4170-8bac-1702bc4789e0,153.715923,7688,2024-01-01 02:18:20,Sell
7eb147a6-25b8-4108-be87-46403e05ac61,761.181931,8474,2024-01-01 02:18:27,Sell
65931c4f-8653-4e24-896d-899ee0f334a3,747.550276,5179,2024-01-01 02:18:31,Buy
2654884b-4702-4b4e-8faf-abbd1b933274,883.737426,132,2024-01-01 02:18:36,Buy
53bae7a5-edb7-4dcb-aa9b-01b441afd0db,183.829978,1127,2024-01-01 02:18:41,Sell
58d7864c-04fe-45e0-bb6f-a984f4dd6e63,459.117208,5088,2024-01-01 02:18:49,Sell
7e41aaef-0b5b-4465-925e-4c8d89280c5f,429.201588,1656,2024-01-01 02:19:17,Sell
bd0fd79f-34c8-4934-b0b7-79f5e32d23d1,279.945594,2311,2024-01-01 02:19:34,Sell
59ea0a33-e48c-4c13-b025-fc27fedf5f92,174.621868,9407,2024-01-01 02:19:41,Sell
2e35f112-f9c9-48d2-bcae-b3efae41a9c1,855.450510,8959,2024-01-01 02:19:50,Sell
80d9c314-d170-48ff-a64b-fe790c0ceac4,363.913464,6269,2024-01-01 02:19:55,Buy
d808ce26-fa29-4d3d-9c86-df232e227792,505.635400,104,2024-01-01 02:19:59,Sell
244edfa4-6011-4f9c-8bf7-4ab9f069004e,415.737158,7113,2024-01-01 02:20:00,Sell
e1f2b0d9-de96-4eb0-bc9d-be7ad4d9a165,278.866174,8734,2024-01-01 02:20:08,Sell
89ad988e-4f6a-4976-9896-a0859f0b0657,233.979898,5554,2024-01-01 02:20:20,Buy
48676183-b6d4-437e-88b6-714311ff3162,311.522554,9054,2024-01-01 02:20:21,Sell
90ff38ce-9b58-4707-905d-40fda7d4daed,61.152143,2118,2024-01-01 02:20:47,Sell
71298e63-e827-4e5e-97d4-635f91035f2f,167.725315,8638,2024-01-01 02:20:48,Sell
d2ebf52c-fd57-4dea-8af2-0a44df1d88c2,221.712139,6659,2024-01-01 02:20:49,Buy
220ce2db-8151-4893-b518-14b56f01aac6,346.747038,3722,2024-01-01 02:20:55,Buy
8f4a0a31-1318-49fc-afe7-942ef1e11b1b,378.583692,5972,2024-01-01 02:21:10,Sell
eb8ba36d-edf5-4347-9126-80b3efb87379,99.702587,7848,2024-01-01 02:21:16,Sell
10aba6fc-0cf0-4a66-848c-e0e391074540,519.760789,9079,2024-01-01 02:21:23,Buy
8561e964-dc47-4b4f-985b-b7fbb00a2cfb,937.979230,8318,2024-01-01 02:21:40,Buy
1c0ea6f0-8bd3-4932-b905-ee5b6c0fc581,805.145091,6479,2024-01-01 02:21:45,Sell
c44c452a-08db-4f71-98eb-ce81b776a6ab,21.916440,5763,2024-01-01 02:21:54,Sell
c6e9ba61-6521-41fa-8c30-62e30f8c7bd1,749.209212,6924,2024-01-01 02:21:55,Buy
4917bdae-fa45-4b50-9432-66cd553432e1,355.395596,1576,2024-01-01 02:21:59,Sell
a1123844-2362-4b79-ae4c-a466ee5de528,520.841775,6400,2024-01-01 02:22:12,Buy
0d8f2c24-937c-478e-816b-4f85820ea20a,79.741800,3880,2024-01-01 02:22:15,Buy
30e32deb-bb18-4343-a8e0-ad3d401de5e2,250.829348,9515,2024-01-01 02:22:26,Sell
9537fc8e-f0ca-4892-9a03-a540cd48500d,174.561811,2153,2024-01-01 02:22:27,Buy
9d85fda2-b671-45f4-910b-8d7b61978376,217.864181,7512,2024-01-01 02:22:31,Sell
908ba1f2-5519-45d3-8f9e-d3803d74e545,268.213683,6249,2024-01-01 02:22:39,Buy
b5f24dcb-e06f-43c5-aec4-c8c32ed44987,674.179202,6820,2024-01-01 02:22:40,Sell
1eeccf32-3fbd-4462-b3cf-cda014ac203d,146.258320,7106,2024-01-01 02:22:40,Buy
399458e1-31b6-4c48-9334-3d4cfb74b6c2,876.527380,971,2024-01-01 02:22:45,Buy
bff8e2ff-05e4-4c16-bfdd-303b58ea2916,172.135362,9578,2024-01-01 02:22:45,Buy
1073a3ee-c975-4617-9cb8-53e372e7b9b2,500.144717,2684,2024-01-01 02:22:51,Sell
b4ecf406-5653-434d-8daa-c6b8bd424d21,292.419238,7168,2024-01-01 02:22:51,Sell
51f25e4f-85c0-48de-abd4-82093dfc306e,758.346225,3111,2024-01-01 02:23:08,Sell
