

@misc{KentCounty2024,
  author = {Anonymous},
  title = {Time Series Analysis of COVID-19 Cases in Kent County},
  year = {2024},
  howpublished = {\url{https://ionides.github.io/531w24/final_project/project12/blinded.html#fn8}},
  note = {Accessed: 2025-04-19}
}

@misc{chapter17,
  author = {Edward L. Ionides},
  title = {A case study of financial volatility and a POMP model with observations driving latent dynamics},
  year = {2025},
  howpublished = {\url{https://ionides.github.io/531w25/17/slides.pdf}},
  note = {Accessed: 2025-04-19}
}

@article{breto2014idiosyncratic,
  title={On idiosyncratic stochasticity of financial leverage effects},
  author={Bret{\'o}, Carles},
  journal={Statistics \& Probability Letters},
  volume={91},
  pages={20--26},
  year={2014},
  publisher={Elsevier}
}

@misc{kaggle_appl_2025,
  author    = {Umer Haddll},
  title     = {AppleStock Data (2025)},
  year      = {2025},
  url       = {https://www.kaggle.com/datasets/umerhaddii/apple-stock-data-2025},
  note      = {Accessed: 2025-04-21}
}

@article{kotary2019,
  author  = {Kotary, Manoj},
  title   = {Simple Returns vs. Log Returns: A Comprehensive Comparative Analysis for Financial Analysis},
  year    = {2019},
  journal = {Medium},
  url     = {https://medium.com/@manojkotary/simple-returns-vs-log-returns-a-comprehensive-comparative-analysis-for-financial-analysis-702403693bad}
}

@article{fama1970,
  author  = {Fama, Eugene F.},
  title   = {Efficient Capital Markets: A Review of Theory and Empirical Work},
  journal = {Journal of Finance},
  year    = {1970},
  volume  = {25},
  number  = {2},
  pages   = {383--417},
  doi     = {10.2307/2325486}
}

@misc{ionides20254,
  author = {Ionides, Edward L.},
  title  = {Chapter 4 Lecture Notes},
  year   = {2025},
  url    = {https://ionides.github.io/531w25/04/slides.pdf}
}

@book{box2015,
  author    = {Box, George E. P. and Jenkins, Gwilym M. and Reinsel, Gregory C.},
  title     = {Time Series Analysis: Forecasting and Control},
  year      = {2015},
  edition   = {5th},
  publisher = {John Wiley \& Sons},
  address   = {Hoboken, NJ},
  pages     = {198--202},
  note      = {Discusses model selection via AIC and log-likelihood for ARMA models}
}

@misc{ionides20255,
  author = {Ionides, Edward L.},
  title  = {Chapter 5 Lecture Notes},
  year   = {2025},
  url    = {https://ionides.github.io/531w25/05/slides.pdf}
}

@article{bollerslev1986,
  author  = {Bollerslev, Tim},
  title   = {Generalized Autoregressive Conditional Heteroskedasticity},
  journal = {Journal of Econometrics},
  year    = {1986},
  volume  = {31},
  pages   = {307--327}
}

@article{nelson1991,
  author  = {Nelson, Daniel B.},
  title   = {Conditional Heteroskedasticity in Asset Returns: A New Approach},
  journal = {Econometrica},
  year    = {1991},
  volume  = {59},
  number  = {2},
  pages   = {347--370},
  doi     = {10.2307/2938260}
}

@article{glosten1993,
  author  = {Glosten, Lawrence R. and Jagannathan, Ravi and Runkle, David E.},
  title   = {On the Relation Between the Expected Value and the Volatility of the Nominal Excess Return on Stocks},
  journal = {Journal of Finance},
  year    = {1993},
  volume  = {48},
  number  = {5},
  pages   = {1779--1801},
  doi     = {10.1111/j.1540-6261.1993.tb04728.x}
}

@book{christoffersen2012,
  title     = {Elements of Financial Risk Management},
  author    = {Peter Christoffersen},
  year      = {2012},
  edition   = {2},
  publisher = {Academic Press},
  isbn      = {9780123744487}
}
@article{ionides2006,
  title = {Inference for nonlinear dynamical systems},
  author = {Ionides, Edward L. and Bret√≥, Carles and King, Aaron A.},
  journal = {Proceedings of the National Academy of Sciences},
  volume = {103},
  number = {49},
  pages = {18438--18443},
  year = {2006},
  doi = {10.1073/pnas.0603181103}
}

@misc{ionides2024f11,
  author       = {Anonymous},
  title        = {Final Project 11},
  year         = {2024},
  url          = {https://ionides.github.io/531w24/final_project/project11/blinded.html},
  note         = {Accessed: 2025-04-21}
}

@misc{apple2024,
  author       = {Anonymous},
  title        = {Time Series Analysis of Apple Inc. (AAPL) Stock Price},
  year         = {2024},
  url          = {https://ionides.github.io/531w24/final_project/project07/blinded.html},
  note         = {Accessed: 2025-04-21}
}

@misc{GPT,
  author       = {OpenAI},
  title        = {ChatGPT},
  year         = {2024},
  url          = {https://chatgpt.com},
  note         = {Accessed: 2025-04-21}
}